<?xml version="1.0" ?><OAI-PMH xmlns="http://www.openarchives.org/OAI/2.0/" xmlns:xsi="http://www.w3.org/2001/XMLSchema-instance" xsi:schemaLocation="http://www.openarchives.org/OAI/2.0/ http://www.openarchives.org/OAI/2.0/OAI-PMH.xsd">
  <responseDate>2024-11-20T18:25:49Z</responseDate>
  <request resumptionToken="1900-01-01@all@UNIGE_ALL@marc21@5986534310005502" verb="ListRecords">https://slsp-unige.alma.exlibrisgroup.com/view/oai/41SLSP_UGE/request</request>
<ListRecords><record><header><identifier>oai:alma.41SLSP_UGE:991000778709705502</identifier><datestamp>2023-03-22T01:09:35Z</datestamp><setSpec>uge_bcen_RapidILL_BOOK</setSpec><setSpec>uge_aaca_RapidILL_BOOK</setSpec><setSpec>uge_abels_RapidILL_BOOK</setSpec><setSpec>uge_dbu_RapidILL_BOOK</setSpec><setSpec>uge_cmu_RapidILL_BOOK</setSpec><setSpec>uge_mail_RapidILL_BOOK</setSpec><setSpec>uge_abbat_RapidILL_BOOK</setSpec><setSpec>UNIGE_ALL</setSpec><setSpec>uge_acar_RapidILL_BOOK</setSpec><setSpec>uge_aobs_RapidILL_BOOK</setSpec></header><metadata>
<record xmlns="http://www.loc.gov/MARC21/slim" xmlns:xsi="http://www.w3.org/2001/XMLSchema-instance" xsi:schemaLocation="http://www.loc.gov/MARC21/slim http://www.loc.gov/standards/marcxml/schema/MARC21slim.xsd"><leader>01392nam a2200361 c 4500</leader><controlfield tag="001">991000778709705502</controlfield><controlfield tag="005">20230321220904.0</controlfield><controlfield tag="008">170324s2005    sp ||||| |||| 00| ||spa d</controlfield><datafield ind1=" " ind2=" " tag="020"><subfield code="a">8478004890</subfield></datafield><datafield ind1=" " ind2=" " tag="020"><subfield code="a">9788478004898</subfield></datafield><datafield ind1=" " ind2=" " tag="035"><subfield code="a">(swissbib)123731658-41slsp_network</subfield></datafield><datafield ind1=" " ind2=" " tag="035"><subfield code="a">123731658</subfield><subfield code="9">ExL</subfield></datafield><datafield ind1=" " ind2=" " tag="035"><subfield code="a">(RERO)R008620121-41slsp</subfield></datafield><datafield ind1=" " ind2=" " tag="035"><subfield code="a">(EXLNZ-41SLSP_NETWORK)991090747779705501</subfield></datafield><datafield ind1=" " ind2=" " tag="040"><subfield code="a">BNM</subfield><subfield code="b">spa</subfield><subfield code="e">rdc</subfield><subfield code="d">CH-ZuSLS</subfield></datafield><datafield ind1=" " ind2="7" tag="072"><subfield code="a">so</subfield><subfield code="2">rero</subfield></datafield><datafield ind1=" " ind2=" " tag="080"><subfield code="a">316.344.2</subfield></datafield><datafield ind1="1" ind2=" " tag="100"><subfield code="a">Gil Villa, Fernando</subfield><subfield code="0">(IDREF)145350878</subfield><subfield code="4">cre</subfield></datafield><datafield ind1="1" ind2="0" tag="245"><subfield code="a">Elogio de la basura</subfield><subfield code="b">: la resistencia de los excluidos</subfield><subfield code="c">Fernando Gil Villa</subfield></datafield><datafield ind1=" " ind2=" " tag="250"><subfield code="a">1a. ed.</subfield></datafield><datafield ind1=" " ind2="1" tag="264"><subfield code="a">[Salamanca]</subfield><subfield code="b">Universidad de Salamanca</subfield><subfield code="c">2005</subfield></datafield><datafield ind1=" " ind2=" " tag="300"><subfield code="a">163 p.</subfield><subfield code="c">21 cm</subfield></datafield><datafield ind1=" " ind2=" " tag="336"><subfield code="b">txt</subfield><subfield code="2">rdacontent</subfield></datafield><datafield ind1=" " ind2=" " tag="337"><subfield code="b">n</subfield><subfield code="2">rdamedia</subfield></datafield><datafield ind1=" " ind2=" " tag="338"><subfield code="b">nc</subfield><subfield code="2">rdacarrier</subfield></datafield><datafield ind1="1" ind2=" " tag="490"><subfield code="a">Acta Salmanticensia. Biblioteca de pensamiento y sociedad</subfield><subfield code="v">93</subfield></datafield><datafield ind1=" " ind2=" " tag="504"><subfield code="a">Bibliografía: p. [161]-163</subfield></datafield><datafield ind1="8" ind2=" " tag="520"><subfield code="a">Si estudiamos la cultura de la basura entenderemos mejor nuestra sociedad porque los desechos vienen a ser su negativo, la mitad de lo que somos</subfield></datafield><datafield ind1=" " ind2="7" tag="650"><subfield code="a">Poubelles</subfield><subfield code="0">(IDREF)137977638</subfield><subfield code="2">idref</subfield></datafield><datafield ind1=" " ind2="7" tag="650"><subfield code="a">Sociologie</subfield><subfield code="0">(IDREF)049647490</subfield><subfield code="2">idref</subfield></datafield><datafield ind1=" " ind2="7" tag="650"><subfield code="a">Exclusion sociale</subfield><subfield code="0">(IDREF)033835640</subfield><subfield code="2">idref</subfield></datafield><datafield ind1=" " ind2="0" tag="830"><subfield code="a">Acta Salmanticensia</subfield><subfield code="p">Biblioteca de pensamiento y sociedad</subfield><subfield code="v">93</subfield><subfield code="w">(RERO)1088205-41slsp</subfield></datafield><datafield ind1=" " ind2=" " tag="900"><subfield code="a">REROnoselfmerge</subfield></datafield><datafield ind1=" " ind2=" " tag="910"><subfield code="a">OCoLC</subfield><subfield code="b">20170324</subfield><subfield code="c">Droits réservés</subfield></datafield><datafield ind1=" " ind2=" " tag="993"><subfield code="a">BFLA  275314</subfield><subfield code="x">ge/ules/a/17/364-1</subfield><subfield code="9">LOCAL</subfield></datafield></record>
</metadata></record><record><header status="deleted"><identifier>oai:alma.41SLSP_UGE:991000768979705502</identifier><datestamp>2023-06-16T00:13:03Z</datestamp><setSpec>uge_bcen_RapidILL_BOOK</setSpec><setSpec>uge_aaca_RapidILL_BOOK</setSpec><setSpec>uge_abels_RapidILL_BOOK</setSpec><setSpec>uge_dbu_RapidILL_BOOK</setSpec><setSpec>uge_cmu_RapidILL_BOOK</setSpec><setSpec>uge_mail_RapidILL_BOOK</setSpec><setSpec>uge_abbat_RapidILL_BOOK</setSpec><setSpec>UNIGE_ALL</setSpec><setSpec>uge_aobs_RapidILL_BOOK</setSpec><setSpec>uge_acar_RapidILL_BOOK</setSpec></header></record>