<record><header><identifier>oai:alma.41SLSP_UGE:991000778199705502</identifier><datestamp>2023-06-28T00:22:17Z</datestamp><setSpec>uge_bcen_RapidILL_BOOK</setSpec><setSpec>uge_aaca_RapidILL_BOOK</setSpec><setSpec>uge_abels_RapidILL_BOOK</setSpec><setSpec>uge_dbu_RapidILL_BOOK</setSpec><setSpec>uge_cmu_RapidILL_BOOK</setSpec><setSpec>uge_mail_RapidILL_BOOK</setSpec><setSpec>uge_abbat_RapidILL_BOOK</setSpec><setSpec>UNIGE_ALL</setSpec><setSpec>uge_acar_RapidILL_BOOK</setSpec><setSpec>uge_aobs_RapidILL_BOOK</setSpec></header><metadata>
<record xmlns="http://www.loc.gov/MARC21/slim" xmlns:xsi="http://www.w3.org/2001/XMLSchema-instance" xsi:schemaLocation="http://www.loc.gov/MARC21/slim http://www.loc.gov/standards/marcxml/schema/MARC21slim.xsd"><leader>01829nam a2200397 c 4500</leader><controlfield tag="001">991000778199705502</controlfield><controlfield tag="005">20230326200448.0</controlfield><controlfield tag="008">201011s1995    sz ||||| |||| 00| ||fre d</controlfield><datafield ind1=" " ind2=" " tag="035"><subfield code="a">(swissbib)23077699X-41slsp_network</subfield></datafield><datafield ind1=" " ind2=" " tag="035"><subfield code="a">23077699X</subfield><subfield code="9">ExL</subfield></datafield><datafield ind1=" " ind2=" " tag="035"><subfield code="a">(RERO)1993960-41slsp</subfield></datafield><datafield ind1=" " ind2=" " tag="035"><subfield code="a">(NEBIS)001528455EBI01</subfield></datafield><datafield ind1=" " ind2=" " tag="035"><subfield code="a">(EXLNZ-41SLSP_NETWORK)991158885619705501</subfield></datafield><datafield ind1=" " ind2=" " tag="040"><subfield code="a">RERO geuses</subfield><subfield code="d">CH-ZuSLS</subfield></datafield><datafield ind1=" " ind2=" " tag="044"><subfield code="a">sz</subfield><subfield code="c">ch-ge</subfield></datafield><datafield ind1=" " ind2="7" tag="072"><subfield code="a">ur</subfield><subfield code="2">rero</subfield></datafield><datafield ind1=" " ind2="7" tag="072"><subfield code="a">se</subfield><subfield code="2">rero</subfield></datafield><datafield ind1="1" ind2=" " tag="100"><subfield code="6">880-01</subfield><subfield code="a">Baranzini, Andrea</subfield><subfield code="d">1964-....</subfield><subfield code="0">(IDREF)081314779</subfield><subfield code="4">cre</subfield></datafield><datafield ind1="1" ind2=" " tag="880"><subfield code="a">Baranzini, Andrea</subfield><subfield code="d">1964-</subfield><subfield code="0">(DE-588)170606880</subfield><subfield code="6">100-01</subfield></datafield><datafield ind1="1" ind2="0" tag="245"><subfield code="a">Structure des coûts des stations d'épuration en Suisse et gestion efficace des eaux usées</subfield><subfield code="c">Andrea Baranzini</subfield></datafield><datafield ind1=" " ind2="1" tag="264"><subfield code="a">Genève</subfield><subfield code="b">Académie internationale de l'environnement et Centre universitaire d'étude des problèmes de l'énergie</subfield><subfield code="c">1995</subfield></datafield><datafield ind1=" " ind2=" " tag="300"><subfield code="a">25 f.</subfield><subfield code="b">ill.</subfield><subfield code="c">30 cm</subfield></datafield><datafield ind1=" " ind2=" " tag="336"><subfield code="b">txt</subfield><subfield code="2">rdacontent</subfield></datafield><datafield ind1=" " ind2=" " tag="337"><subfield code="b">n</subfield><subfield code="2">rdamedia</subfield></datafield><datafield ind1=" " ind2=" " tag="338"><subfield code="b">nc</subfield><subfield code="2">rdacarrier</subfield></datafield><datafield ind1="1" ind2=" " tag="490"><subfield code="a">Série de publications du CUEPE</subfield><subfield code="v">no 59</subfield></datafield><datafield ind1=" " ind2="7" tag="650"><subfield code="a">station d'épuration des eaux usées</subfield><subfield code="0">(RERO)A009969787</subfield><subfield code="2">rerovoc</subfield></datafield><datafield ind1=" " ind2="7" tag="650"><subfield code="a">Coût-efficacité</subfield><subfield code="0">(IDREF)027793303</subfield><subfield code="2">idref</subfield></datafield><datafield ind1=" " ind2="7" tag="650"><subfield code="a">KLÄRWERKE (ABWASSERBEHANDLUNG)</subfield><subfield code="9">ger</subfield><subfield code="0">(ETHUDK)000030299</subfield><subfield code="2">ethudk</subfield></datafield><datafield ind1=" " ind2="7" tag="650"><subfield code="a">SCHWEIZ (MITTELEUROPA). SCHWEIZERISCHE EIDGENOSSENSCHAFT</subfield><subfield code="9">ger</subfield><subfield code="0">(ETHUDK)000004571</subfield><subfield code="2">ethudk</subfield></datafield><datafield ind1=" " ind2="7" tag="650"><subfield code="a">UMWELTABGABEN</subfield><subfield code="9">ger</subfield><subfield code="0">(ETHUDK)000045450</subfield><subfield code="2">ethudk</subfield></datafield><datafield ind1=" " ind2="7" tag="651"><subfield code="a">Suisse</subfield><subfield code="0">(IDREF)027249654</subfield><subfield code="2">idref</subfield></datafield><datafield ind1="2" ind2=" " tag="710"><subfield code="a">Académie internationale de l'environnement</subfield><subfield code="g">Genève, Suisse</subfield><subfield code="g">1991-1999</subfield><subfield code="0">(IDREF)185968198</subfield></datafield><datafield ind1="2" ind2=" " tag="710"><subfield code="a">Université de Genève</subfield><subfield code="b">Centre universitaire d'étude des problèmes de l'énergie</subfield><subfield code="0">(RERO)A000189003</subfield></datafield><datafield ind1=" " ind2="0" tag="830"><subfield code="a">Série de publications du CUEPE</subfield><subfield code="v">59</subfield><subfield code="w">(NEBIS)000016449EBI01</subfield></datafield><datafield ind1=" " ind2="0" tag="830"><subfield code="a">Série de publications du CUEPE</subfield><subfield code="v">59</subfield><subfield code="w">(RERO)0686255-41slsp</subfield></datafield><datafield ind1=" " ind2=" " tag="900"><subfield code="a">REROnoselfmerge</subfield></datafield></record>
</metadata></record>