<record><header><identifier>oai:alma.41SLSP_UGE:991000769289705502</identifier><datestamp>2023-03-01T01:09:43Z</datestamp><setSpec>uge_cmu_RapidILL_JOURNAL</setSpec><setSpec>uge_aobs_RapidILL_JOURNAL</setSpec><setSpec>uge_aaca_RapidILL_JOURNAL</setSpec><setSpec>uge_bcen_RapidILL_JOURNAL</setSpec><setSpec>uge_abbat_RapidILL_JOURNAL</setSpec><setSpec>uge_dbu_RapidILL_JOURNAL</setSpec><setSpec>uge_mail_RapidILL_JOURNAL</setSpec><setSpec>UNIGE_ALL</setSpec><setSpec>uge_abels_RapidILL_JOURNAL</setSpec><setSpec>uge_acar_RapidILL_JOURNAL</setSpec></header><metadata>
<record xmlns="http://www.loc.gov/MARC21/slim" xmlns:xsi="http://www.w3.org/2001/XMLSchema-instance" xsi:schemaLocation="http://www.loc.gov/MARC21/slim http://www.loc.gov/standards/marcxml/schema/MARC21slim.xsd"><leader>01986nas a2200529uc 4500</leader><controlfield tag="001">991000769289705502</controlfield><controlfield tag="005">20230204201104.0</controlfield><controlfield tag="006">s | p       |    |</controlfield><controlfield tag="008">201011c19929999be || p|      0   ||fre|d</controlfield><datafield ind1=" " ind2=" " tag="019"><subfield code="a">KoFo: Serie mit O-Bestellung gemäss KoFo-Kriterien</subfield><subfield code="5">IDSBB/13.10.2008/kofo/bur</subfield></datafield><datafield ind1=" " ind2=" " tag="022"><subfield code="a">0778-8738</subfield></datafield><datafield ind1=" " ind2=" " tag="035"><subfield code="a">(swissbib)211673277-41slsp_network</subfield></datafield><datafield ind1=" " ind2=" " tag="035"><subfield code="a">211673277</subfield><subfield code="9">ExL</subfield></datafield><datafield ind1=" " ind2=" " tag="035"><subfield code="a">(NEBIS)001004197EBI01</subfield></datafield><datafield ind1=" " ind2=" " tag="035"><subfield code="a">(IDSBB)001322598DSV01</subfield></datafield><datafield ind1=" " ind2=" " tag="035"><subfield code="a">(RERO)1973006-41slsp</subfield></datafield><datafield ind1=" " ind2=" " tag="035"><subfield code="a">(EXLNZ-41SLSP_NETWORK)991062567739705501</subfield></datafield><datafield ind1=" " ind2=" " tag="040"><subfield code="a">ZBZ</subfield><subfield code="b">ger</subfield><subfield code="e">ETHICS-ISBD</subfield><subfield code="d">CH-ZuSLS</subfield></datafield><datafield ind1="0" ind2=" " tag="041"><subfield code="a">fre</subfield><subfield code="a">eng</subfield></datafield><datafield ind1=" " ind2="7" tag="072"><subfield code="a">dk</subfield><subfield code="2">SzZuIDS BS/BE</subfield></datafield><datafield ind1=" " ind2="7" tag="072"><subfield code="a">ba</subfield><subfield code="2">rero</subfield></datafield><datafield ind1="1" ind2="4" tag="082"><subfield code="a">792</subfield><subfield code="2">15</subfield></datafield><datafield ind1="0" ind2="0" tag="245"><subfield code="a">Etudes théâtrales</subfield><subfield code="c">Centre d'Etudes Théâtrales, Université Catholique de Louvain</subfield></datafield><datafield ind1=" " ind2="1" tag="264"><subfield code="a">Louvain-La-Neuve</subfield><subfield code="b">Centre d'études théâtrales</subfield><subfield code="c">1992-</subfield></datafield><datafield ind1=" " ind2=" " tag="300"><subfield code="c">24 cm</subfield></datafield><datafield ind1=" " ind2=" " tag="310"><subfield code="a">3x jährlich</subfield></datafield><datafield ind1=" " ind2=" " tag="321"><subfield code="a">Deux fois par an</subfield><subfield code="b">1992-1999</subfield></datafield><datafield ind1=" " ind2=" " tag="336"><subfield code="b">txt</subfield><subfield code="2">rdacontent</subfield></datafield><datafield ind1=" " ind2=" " tag="337"><subfield code="b">n</subfield><subfield code="2">rdamedia</subfield></datafield><datafield ind1=" " ind2=" " tag="338"><subfield code="b">nc</subfield><subfield code="2">rdacarrier</subfield></datafield><datafield ind1="0" ind2=" " tag="362"><subfield code="a">1992, 1- = 1-</subfield></datafield><datafield ind1="0" ind2="0" tag="505"><subfield code="g">Enthält</subfield><subfield code="t">Bibliographie des arts du spectacle (1991-)</subfield></datafield><datafield ind1=" " ind2=" " tag="524"><subfield code="a">ETUTHE</subfield><subfield code="2">O</subfield></datafield><datafield ind1=" " ind2="7" tag="650"><subfield code="a">Theaterwissenschaft</subfield><subfield code="2">idszbz</subfield></datafield><datafield ind1=" " ind2="7" tag="650"><subfield code="a">Theater</subfield><subfield code="z">Frankreich</subfield><subfield code="v">Schriftenreihe</subfield><subfield code="2">idsbb</subfield></datafield><datafield ind1=" " ind2="7" tag="650"><subfield code="a">Theater</subfield><subfield code="v">Schriftenreihe</subfield><subfield code="2">idsbb</subfield></datafield><datafield ind1=" " ind2="7" tag="650"><subfield code="a">Theaterwissenschaft</subfield><subfield code="z">Frankreich</subfield><subfield code="v">Schriftenreihe</subfield><subfield code="2">idsbb</subfield></datafield><datafield ind1=" " ind2="7" tag="650"><subfield code="a">Theaterwissenschaft</subfield><subfield code="v">Schriftenreihe</subfield><subfield code="2">idsbb</subfield></datafield><datafield ind1=" " ind2="7" tag="650"><subfield code="a">Théâtre</subfield><subfield code="0">(IDREF)027253066</subfield><subfield code="2">idref</subfield></datafield><datafield ind1=" " ind2="7" tag="655"><subfield code="a">Zeitschrift</subfield><subfield code="2">idszbz</subfield></datafield><datafield ind1=" " ind2="7" tag="655"><subfield code="a">Monografische Reihe</subfield><subfield code="2">gnd-content</subfield></datafield><datafield ind1=" " ind2="7" tag="655"><subfield code="a">Zeitschrift</subfield><subfield code="2">gnd-content</subfield></datafield><datafield ind1=" " ind2="7" tag="655"><subfield code="a">Périodiques</subfield><subfield code="0">(IDREF)02724640X</subfield><subfield code="2">idref</subfield></datafield><datafield ind1="2" ind2=" " tag="710"><subfield code="a">Université catholique de Louvain</subfield><subfield code="b">Centre d'études théâtrales</subfield><subfield code="0">(DE-588)502279-4</subfield></datafield><datafield ind1="0" ind2=" " tag="777"><subfield code="i">Enthält ab 1994</subfield><subfield code="t">Bibliographie des arts du spectacle</subfield></datafield><datafield ind1="0" ind2="5" tag="780"><subfield code="t">Bibliographie des arts du spectacle (1986-1990)</subfield><subfield code="w">(NEBIS)000974775EBI01</subfield></datafield><datafield ind1=" " ind2=" " tag="900"><subfield code="a">NEBISnoselfmerge</subfield></datafield><datafield ind1=" " ind2=" " tag="900"><subfield code="a">REROnoselfmerge</subfield></datafield><datafield ind1="0" ind2=" " tag="787"><subfield code="t">Périodiques. Littérature en français</subfield><subfield code="w">81214998690005502</subfield><subfield code="i">Alma Collection</subfield></datafield></record>
</metadata></record>