<record><header><identifier>oai:alma.41SLSP_UGE:991000777989705502</identifier><datestamp>2023-11-24T01:31:38Z</datestamp><setSpec>uge_bcen_RapidILL_BOOK</setSpec><setSpec>uge_aaca_RapidILL_BOOK</setSpec><setSpec>uge_abels_RapidILL_BOOK</setSpec><setSpec>uge_dbu_RapidILL_BOOK</setSpec><setSpec>uge_cmu_RapidILL_BOOK</setSpec><setSpec>uge_mail_RapidILL_BOOK</setSpec><setSpec>uge_abbat_RapidILL_BOOK</setSpec><setSpec>UNIGE_ALL</setSpec><setSpec>uge_acar_RapidILL_BOOK</setSpec><setSpec>uge_aobs_RapidILL_BOOK</setSpec></header><metadata>
<record xmlns="http://www.loc.gov/MARC21/slim" xmlns:xsi="http://www.w3.org/2001/XMLSchema-instance" xsi:schemaLocation="http://www.loc.gov/MARC21/slim http://www.loc.gov/standards/marcxml/schema/MARC21slim.xsd"><leader>07946nam a2200721uc 4500</leader><controlfield tag="001">991000777989705502</controlfield><controlfield tag="005">20230702062334.0</controlfield><controlfield tag="008">201011s1996    gw       m    00| | ger  </controlfield><datafield ind1=" " ind2=" " tag="019"><subfield code="a">Catalogage décrit: l'ex. de thèse</subfield><subfield code="5">RERO/17.12.1996/nebpun/cw</subfield></datafield><datafield ind1=" " ind2=" " tag="020"><subfield code="a">3258054436</subfield></datafield><datafield ind1=" " ind2=" " tag="035"><subfield code="a">(swissbib)224361627-41slsp_network</subfield></datafield><datafield ind1=" " ind2=" " tag="035"><subfield code="a">224361627</subfield><subfield code="9">ExL</subfield></datafield><datafield ind1=" " ind2=" " tag="035"><subfield code="a">(IDSSG)000127270HSB01</subfield></datafield><datafield ind1=" " ind2=" " tag="035"><subfield code="a">(RERO)R210774360-41slsp</subfield></datafield><datafield ind1=" " ind2=" " tag="035"><subfield code="a">(IDSLU)000095232ILU01</subfield></datafield><datafield ind1=" " ind2=" " tag="035"><subfield code="a">(ALEX)bv80006265</subfield></datafield><datafield ind1=" " ind2=" " tag="035"><subfield code="a">(EXLNZ-41SLSP_NETWORK)991054345299705501</subfield></datafield><datafield ind1=" " ind2=" " tag="040"><subfield code="a">SzZuIDS HSG</subfield><subfield code="b">ger</subfield><subfield code="e">kids</subfield><subfield code="d">CH-ZuSLS</subfield></datafield><datafield ind1=" " ind2=" " tag="044"><subfield code="a">sz</subfield><subfield code="c">ch-be</subfield></datafield><datafield ind1=" " ind2="7" tag="072"><subfield code="a">dr</subfield><subfield code="2">rero</subfield></datafield><datafield ind1=" " ind2="7" tag="072"><subfield code="a">840</subfield><subfield code="2">IDS LU</subfield></datafield><datafield ind1=" " ind2=" " tag="084"><subfield code="a">CA/CH 80 h</subfield><subfield code="2">cjurrom</subfield></datafield><datafield ind1=" " ind2=" " tag="084"><subfield code="a">CA/CH 79 h</subfield><subfield code="2">cjurrom</subfield></datafield><datafield ind1=" " ind2=" " tag="084"><subfield code="a">CA/CH 79.1 h</subfield><subfield code="2">cjurrom</subfield></datafield><datafield ind1="1" ind2=" " tag="100"><subfield code="a">Airaghi, Gianluca</subfield><subfield code="0">(RERO)A002913136</subfield><subfield code="4">cre</subfield></datafield><datafield ind1="1" ind2="0" tag="245"><subfield code="a">Organisatorische Massnahmen innerhalb von Prüfungsunternehmen zur Sicherstellung einer unabhängigen Abschlussprüfung</subfield><subfield code="c">von Gianluca Airaghi</subfield></datafield><datafield ind1=" " ind2="1" tag="264"><subfield code="a">Bern &lt;etc.&gt;</subfield><subfield code="b">Haupt</subfield><subfield code="c">1996</subfield></datafield><datafield ind1=" " ind2=" " tag="300"><subfield code="a">XXXIII, 227 S.</subfield><subfield code="c">23 cm</subfield></datafield><datafield ind1=" " ind2=" " tag="336"><subfield code="b">txt</subfield><subfield code="2">rdacontent</subfield></datafield><datafield ind1=" " ind2=" " tag="337"><subfield code="b">n</subfield><subfield code="2">rdamedia</subfield></datafield><datafield ind1=" " ind2=" " tag="338"><subfield code="b">nc</subfield><subfield code="2">rdacarrier</subfield></datafield><datafield ind1=" " ind2=" " tag="500"><subfield code="a">Erschien zugl. als Buchhandelsausg. u.d.T.: Unabhängigkeit und interne Schranken im Prüfungsunternehmen</subfield></datafield><datafield ind1=" " ind2=" " tag="500"><subfield code="a">Im Buchhandel in der Reihe &quot;St. Galler Studien zum Privat-, Handels- und Wirtschaftsrecht, Bd. 43&quot; unter dem Titel &quot;Unabhängigkeit und interne Schranken im Prüfungsunternehmen&quot;</subfield></datafield><datafield ind1=" " ind2=" " tag="502"><subfield code="a">Diss. Rechtswiss. St. Gallen, 1996 ; Nr. 1821</subfield></datafield><datafield ind1=" " ind2=" " tag="502"><subfield code="b">Dissertation</subfield><subfield code="c">Universität St. Gallen</subfield><subfield code="d">1996</subfield><subfield code="o">1821</subfield></datafield><datafield ind1=" " ind2=" " tag="504"><subfield code="a">Bibliogr.</subfield></datafield><datafield ind1=" " ind2="7" tag="650"><subfield code="a">Wirtschaftsprüfungsbetrieb</subfield><subfield code="0">(DE-588)4200348-9</subfield><subfield code="2">gnd</subfield></datafield><datafield ind1=" " ind2="7" tag="650"><subfield code="a">Unabhängigkeit</subfield><subfield code="0">(DE-588)4186820-1</subfield><subfield code="2">gnd</subfield></datafield><datafield ind1=" " ind2="7" tag="650"><subfield code="a">Abschlussprüfer</subfield><subfield code="0">(DE-588)4120823-7</subfield><subfield code="2">gnd</subfield></datafield><datafield ind1=" " ind2="7" tag="650"><subfield code="a">organe de contrôle</subfield><subfield code="0">(RERO)A009977974</subfield><subfield code="2">rerovoc</subfield></datafield><datafield ind1=" " ind2="7" tag="650"><subfield code="a">société (droit)</subfield><subfield code="0">(RERO)A010028884</subfield><subfield code="2">rerovoc</subfield></datafield><datafield ind1=" " ind2="7" tag="650"><subfield code="a">Autonomie</subfield><subfield code="0">(IDREF)050567489</subfield><subfield code="2">idref</subfield></datafield><datafield ind1=" " ind2="7" tag="650"><subfield code="a">Comptabilité</subfield><subfield code="0">(IDREF)027466019</subfield><subfield code="2">idref</subfield></datafield><datafield ind1=" " ind2="7" tag="650"><subfield code="a">Droit</subfield><subfield code="0">(IDREF)027466868</subfield><subfield code="2">idref</subfield></datafield><datafield ind1=" " ind2="7" tag="651"><subfield code="a">Schweiz</subfield><subfield code="0">(DE-588)4053881-3</subfield><subfield code="2">gnd</subfield></datafield><datafield ind1=" " ind2="7" tag="651"><subfield code="a">Suisse</subfield><subfield code="0">(IDREF)027249654</subfield><subfield code="2">idref</subfield></datafield><datafield ind1=" " ind2="7" tag="655"><subfield code="a">Hochschulschrift</subfield><subfield code="2">gnd-content</subfield></datafield><datafield ind1=" " ind2=" " tag="690"><subfield code="e">9.1311</subfield><subfield code="a">Revision</subfield><subfield code="2">hsg-ivw</subfield></datafield><datafield ind1=" " ind2=" " tag="690"><subfield code="a">Unabhängigkeit; Unternehmen; Beziehung; Einheit; Regelung; Aufklärung; Jahresabschlussprüfung; Gestaltung; Kontrolle; Qualitätsmanagement; Freiheit; Übertragung; Aktienrecht; Autonomie; Organisationsstruktur; Stellung; Garantie; Schulung; Aufbauorganisation; Gesellschaft; Konzept; Prinzip; Hochschule; Gesetz; Gliederung; Verantwortung; wissenschaftliche Abhandlung; Untersuchung; Revision; Kommunikation</subfield><subfield code="2">idssg-J</subfield></datafield><datafield ind1=" " ind2=" " tag="690"><subfield code="a">Prüfungsunternehmen; Kommunikationsbeziehung; Unabhängigkeitsproblematik; Weisungsfreiheit; Aufgabengliederung; Ergebnisverantwortung; Objektprinzip; Unabhängigkeitsgewährleistung; Beratungseinheit; Entscheidungsautonomie; Ergänzungsbedürftigkeit; Fragestellung; Machtbeziehung; Prüfungseinheit; Prüfungsgesellschaft; Rechtswidrigkeit; Unabhängigkeitsregelung; Unternehmenseinheit; Unabhängigkeitsgrundsatz; Gesamtwürdigung; Identifikationsvermutung; Weisungsbefugnis; Wissenstrennung; Erstdefinition; Revisionsbranche; Unabhängigkeitsrichtlinie; Verhaltensrichtlinie; Abkürzungsverzeichnis; Literaturverzeichnis; Prüfungsbranche; Aufsichtsinstanz; Ausschlusstatbestand; Ausstandspflicht; Einflussnahme; Einzelprüfer; Gesichtspunkt; Grundzug; Interessenkonflikt; Lösungsvariante; Machtgrundlage; Mandatsakquirierungspolitik; Prüfungsadressat; Prüfungsmitarbeiter; Sachregister; Sanktionssystem; Unabhängigkeitsbegriff; Unternehmensmitarbeiter; Wissensaustausch; Zusammenarbeitsform</subfield><subfield code="2">idssg-J</subfield></datafield><datafield ind1=" " ind2=" " tag="690"><subfield code="a">einzelne Einheit; ermitteltes Element; innere Unabhängigkeit; konkrete Maßnahme; stehendes Element; unternehmensinterner Ansatz; unternehmensinterne Maßnahme; unternehmensinterne Sicherstellung; aktienrechtliche Prüfung; angloamerikanischer Chinese; berufsangehörige Ausstandspflicht; besonderer Aspekt; bestehender Interessenkonflikt; bestehende Machtgrundlage; bestehende Weisungsbefugnis; betriebswirtschaftlicher Beitrag; betriebswirtschaftliche Entscheidungsautonomie; bezogener Ausschlusstatbestand; einzeln Prüfüngsunternehmensmitarbeiter; einzelner Ausschlusstatbestand; einzelnes Mitglied; erfassende Mandatsakquirierungspolitik; erforderlicher Wissensaustausch; erste Ergänzung; erste Konkretisierung; fachliche Weisungsfreiheit; fallbezogene Ausarbeitung; freiwillige Aufklärung; geltendes Aktienrecht; gesamtes Konzept; getrennt Prüfungs; gezielte Eingliederung; gleiches Prüfungsunternehmen; grundsätzliche Vereinbarkeit; informationelle Autonomie; kapitalmäßige Beteiligung; konkrete Ausgestaltung; konkrete Fragestellung; konkrete Maßnahme; konzerninterne Prüfung; kooperative Zusammenarbeitsform; leitende Position; notwendige Voraussetzung; organisationssoziologische Sicht; organisatorischer Ansatz; organisatorische Einheit; organisatorische Maßnahme; organisatorische Sicherstellung; physische Auseinanderhaltung; praktische Verbreitung; prüfungsunternehmensinterne Kommunikationsbeziehung; rechtliche Ausgliederung; rechtliche Erfassung; rechtlicher Unabhängigkeitsbegriff; regelmäßige Schulung; schweizerische Unabhängigkeitsregelung; standesrechtliche Gegenmaßnahme; standesrechtlicher Unabhängigkeitsgrundsatz; unabhängige Abschlussprüfung; unabhängigkeitsbeeinträchtigende Ausübung; unabhängigkeitsbeeinträchtigende Beziehung; unabhängigkeitsbeeinträchtigendes Element; unabhängigkeitsbeeinträchtigende Weisung; unabhängigkeitskonforme Gestaltung; unternehmensexterne Aufsich</subfield><subfield code="2">idssg-J</subfield></datafield><datafield ind1=" " ind2=" " tag="690"><subfield code="a">tsinstanz; unternehmensintern Durchsetzungsund; unternehmensinterne Aufgabengliederung; unternehmensinterne Beziehung; unternehmensinterne Kommunikationsbeziehung; unternehmensinterne Liste; unternehmensinterne Machtbeziehung; unternehmensinterne Machtgrundlage; unternehmensinterne Maßnahme; unternehmensinterne Unabhängigkeitsgewährleistung; unternehmensinternes Verbot; unternehmensinterne Verhaltensrichtlinie; unternehmensinterne Wissenstrennung; verschieden Chinesewall; verschiedene Rechtsgrundlage; vorgeschlagene Lösungsvariante; vorgetäuschte Notwendigkeit; vorgetäuschte Vorkehre; äußere Unabhängigkeit</subfield><subfield code="2">idssg-J</subfield></datafield><datafield ind1=" " ind2=" " tag="690"><subfield code="a">China C9CHIN; Österreich C4EUAU; Schweiz C4EXSI; Tessin C4EXSI; Deutschland C4EUGE</subfield><subfield code="2">idssg-J</subfield></datafield><datafield ind1=" " ind2=" " tag="690"><subfield code="a">Abschlussprüfung Organisatorische Massnahmen; Dr. Jean Nicolas Druey; Durchsetzungsund Sanktionssystems Physische Auseinanderhaltung; Einheit Formelle Festlegung; Einheit Rechtliche Ausgliederung; Element Subordinationsund Identifikationsvermutungen; Gianluca Airaghi; Herr Prof.; Jean Nicolas Druey; Maßnahme Kap. Stärkung; Paul Haupt Bern Stuttgart Wien; Prof. Dr. Christian MeierSchatz Dissertation Nr.; Prüfung Kap. Sicherstellung; Prüfungs Buchführungsund; Prüfungsadressat Würdigung Verhältnis; Prüfüngsunternehmensmitarbeiter Exkurs Zulässigkeit; schweizerisch Unabhängigkeitsregelung Aktienrecht; Universität St. Gallen Hochschule</subfield><subfield code="2">idssg-J</subfield></datafield><datafield ind1=" " ind2=" " tag="690"><subfield code="a">Unabhängigkeit, B: Prüfungsunternehmen: Aktienrecht</subfield><subfield code="2">rzs-L1</subfield></datafield><datafield ind1=" " ind2=" " tag="690"><subfield code="a">Aktienrecht. Schweiz, B: Abschlussprüfung, unabhängige</subfield><subfield code="2">rzs-L1</subfield></datafield><datafield ind1=" " ind2=" " tag="690"><subfield code="a">Aktiengesellschaft, B: Rechnungslegung. Schweiz</subfield><subfield code="2">rzs-L1</subfield></datafield><datafield ind1=" " ind2=" " tag="690"><subfield code="a">Rechnungslegung, B: handelsrechtliche. Schweiz</subfield><subfield code="2">rzs-L1</subfield></datafield><datafield ind1=" " ind2=" " tag="691"><subfield code="e">PC 80 CH</subfield><subfield code="2">rzs-L1</subfield></datafield><datafield ind1=" " ind2=" " tag="691"><subfield code="e">PC 79 CH</subfield><subfield code="2">rzs-L1</subfield></datafield><datafield ind1=" " ind2=" " tag="691"><subfield code="e">PC 79.1 CH</subfield><subfield code="2">rzs-L1</subfield></datafield><datafield ind1="1" ind2=" " tag="700"><subfield code="a">Druey, Jean Nicolas</subfield><subfield code="d">1937-</subfield><subfield code="0">(DE-588)170381110</subfield><subfield code="4">dgs</subfield></datafield><datafield ind1="4" ind2=" " tag="856"><subfield code="u">https://tools.unisg.ch/url/hm00420760</subfield><subfield code="z">Inhaltsverzeichnis</subfield></datafield><datafield ind1=" " ind2=" " tag="949"><subfield code="a">https://tools.unisg.ch/url/hm00420760</subfield></datafield></record>
</metadata></record>