<record><header><identifier>oai:alma.41SLSP_UGE:991000778179705502</identifier><datestamp>2023-03-29T00:16:01Z</datestamp><setSpec>uge_bcen_RapidILL_BOOK</setSpec><setSpec>uge_aaca_RapidILL_BOOK</setSpec><setSpec>uge_abels_RapidILL_BOOK</setSpec><setSpec>uge_dbu_RapidILL_BOOK</setSpec><setSpec>uge_cmu_RapidILL_BOOK</setSpec><setSpec>uge_mail_RapidILL_BOOK</setSpec><setSpec>uge_abbat_RapidILL_BOOK</setSpec><setSpec>UNIGE_ALL</setSpec><setSpec>uge_acar_RapidILL_BOOK</setSpec><setSpec>uge_aobs_RapidILL_BOOK</setSpec></header><metadata>
<record xmlns="http://www.loc.gov/MARC21/slim" xmlns:xsi="http://www.w3.org/2001/XMLSchema-instance" xsi:schemaLocation="http://www.loc.gov/MARC21/slim http://www.loc.gov/standards/marcxml/schema/MARC21slim.xsd"><leader>05667nam a2200445 c 4500</leader><controlfield tag="001">991000778179705502</controlfield><controlfield tag="005">20230328221303.0</controlfield><controlfield tag="008">880718s1972    ru ||||| |||| 00| ||rus d</controlfield><datafield ind1=" " ind2=" " tag="035"><subfield code="a">(swissbib)082930902-41slsp_network</subfield></datafield><datafield ind1=" " ind2=" " tag="035"><subfield code="a">082930902</subfield><subfield code="9">ExL</subfield></datafield><datafield ind1=" " ind2=" " tag="035"><subfield code="a">(RERO)1000372-41slsp</subfield></datafield><datafield ind1=" " ind2=" " tag="035"><subfield code="a">(EXLNZ-41SLSP_NETWORK)991105365529705501</subfield></datafield><datafield ind1=" " ind2=" " tag="040"><subfield code="a">RERO frbcuc</subfield><subfield code="d">CH-ZuSLS</subfield></datafield><datafield ind1=" " ind2="7" tag="072"><subfield code="a">ru</subfield><subfield code="2">rero</subfield></datafield><datafield ind1="0" ind2="0" tag="245"><subfield code="6">880-01</subfield><subfield code="a">Ranni︠a︡i︠a︡ russkai︠a︡ dramaturgii︠a︡ (XVII - pervoĭ poloviny XVIII v.)</subfield><subfield code="c">red. kollegii︠a︡: O.A. Derzhavina, K.N. Lomunov, A.N. Robinson.</subfield><subfield code="n">2</subfield><subfield code="p">Russkai︠a︡ dramaturgii︠a︡ posledneĭ chetverti XVII i nachala XVIII v. / izdanie podgotovili O. A. Derzhavina, A. S. Demin, V. P. Grebeni︠u︡k ; pod redakt︠s︡ieĭ O. A. Derzhavinoĭ</subfield></datafield><datafield ind1="0" ind2="0" tag="880"><subfield code="6">245-01/(N</subfield><subfield code="a">Ранняя русская драматургия (XVII - первой половины XVIII в.)</subfield><subfield code="c">ред. коллегия: О.А. Державина, К.Н. Ломунов, А.Н. Робинсон.</subfield><subfield code="n">2</subfield><subfield code="p">Русская драматургия последней четерти XVII и начала XVIII в. / издание подготовили О. А. Державина, А. С. Демин, В. П. Гребенюк ; под редакцией О. А. Державиной</subfield></datafield><datafield ind1="1" ind2=" " tag="246"><subfield code="a">Rannjaja russkaja dramaturgija (XVII - pervoj poloviny XVIII v.) / red. kollegija: O.A. Deržavina, K.N. Lomunov, A.N. Robinson</subfield><subfield code="n">2</subfield><subfield code="p">Russkaja dramaturgija poslednej četverti XVII i načala XVIII v. / izdanie podgotovili O. A. Deržavina, A. S. Demin, V. P. Grebenjuk ; pod redaktsiej O. A. Deržavinoj</subfield></datafield><datafield ind1=" " ind2="1" tag="264"><subfield code="6">880-02</subfield><subfield code="a">Moskva</subfield><subfield code="b">Izd-vo &quot;Nauka&quot;</subfield><subfield code="c">1972</subfield></datafield><datafield ind1=" " ind2="1" tag="880"><subfield code="6">264-02/(N</subfield><subfield code="a">Москва</subfield><subfield code="b">Изд-во &quot;Наука&quot;</subfield><subfield code="c">1972</subfield></datafield><datafield ind1=" " ind2=" " tag="300"><subfield code="a">367 p.</subfield><subfield code="b">ill.</subfield></datafield><datafield ind1=" " ind2=" " tag="336"><subfield code="b">txt</subfield><subfield code="2">rdacontent</subfield></datafield><datafield ind1=" " ind2=" " tag="337"><subfield code="b">n</subfield><subfield code="2">rdamedia</subfield></datafield><datafield ind1=" " ind2=" " tag="338"><subfield code="b">nc</subfield><subfield code="2">rdacarrier</subfield></datafield><datafield ind1=" " ind2=" " tag="500"><subfield code="a">Glossaire</subfield></datafield><datafield ind1=" " ind2=" " tag="500"><subfield code="a">Index ; Errata</subfield></datafield><datafield ind1=" " ind2=" " tag="500"><subfield code="a">Sur la page précédant la page de titre: Akademija nauk SSSR. Institut mirovoj literatury im. A.M. Gor'kogo</subfield></datafield><datafield ind1=" " ind2=" " tag="500"><subfield code="a">Sur la page précédant la page de titre: Академия наук СССР. Институт мировой литературы им. А.М. Горького</subfield></datafield><datafield ind1=" " ind2=" " tag="504"><subfield code="a">Bibliogr.: p. 348-350</subfield></datafield><datafield ind1=" " ind2="7" tag="650"><subfield code="a">17e siècle (2e moitié)-18e siècle (1re moitié)</subfield><subfield code="0">(RERO)A023128249</subfield><subfield code="2">rero</subfield></datafield><datafield ind1=" " ind2="7" tag="650"><subfield code="a">Théâtre (genre littéraire) russe</subfield><subfield code="0">(IDREF)027795799</subfield><subfield code="2">idref</subfield></datafield><datafield ind1=" " ind2="7" tag="655"><subfield code="a">Anthologies</subfield><subfield code="0">(IDREF)027269493</subfield><subfield code="2">idref</subfield></datafield><datafield ind1="1" ind2=" " tag="700"><subfield code="6">880-04</subfield><subfield code="a">Derjavina, Olga Aleksandrovna</subfield><subfield code="d">1901-1985</subfield><subfield code="0">(IDREF)122549066</subfield></datafield><datafield ind1="1" ind2=" " tag="880"><subfield code="6">700-04/(N</subfield><subfield code="a">Державина, Ольга Александровна</subfield><subfield code="d">1901-1985</subfield></datafield><datafield ind1="1" ind2=" " tag="700"><subfield code="6">880-05</subfield><subfield code="a">Demin, Anatolij Sergeevič</subfield><subfield code="d">1935-....</subfield><subfield code="0">(IDREF)035437286</subfield></datafield><datafield ind1="1" ind2=" " tag="880"><subfield code="6">700-05/(N</subfield><subfield code="a">Демин, Анатолий Сергеевич</subfield></datafield><datafield ind1="1" ind2=" " tag="700"><subfield code="6">880-06</subfield><subfield code="a">Grebeni︠u︡k, V. P.</subfield><subfield code="0">(RERO)A021795439</subfield></datafield><datafield ind1="1" ind2=" " tag="880"><subfield code="6">700-06/(N</subfield><subfield code="a">Гребенюк, В. П.</subfield></datafield><datafield ind1="2" ind2=" " tag="710"><subfield code="6">880-07</subfield><subfield code="a">Akademii︠a︡ nauk SSSR</subfield><subfield code="b">Institut mirovoĭ literatury im. A.M. Gorʹkogo</subfield><subfield code="0">(RERO)A021726330</subfield></datafield><datafield ind1="2" ind2=" " tag="880"><subfield code="6">710-07/(N</subfield><subfield code="a">Академия наук СССР</subfield><subfield code="b">Институт мировой литературы им. А.М. Горького</subfield></datafield><datafield ind1=" " ind2="0" tag="830"><subfield code="a">Ranni︠a︡i︠a︡ russkai︠a︡ dramaturgii︠a︡ (XVII - pervoĭ poloviny XVIII v.)</subfield><subfield code="v">2</subfield><subfield code="w">(RERO)1000362-41slsp</subfield></datafield><datafield ind1=" " ind2=" " tag="900"><subfield code="a">REROnoselfmerge</subfield></datafield></record>
</metadata></record>