<record><header><identifier>oai:alma.41SLSP_UGE:991000769299705502</identifier><datestamp>2024-10-13T00:06:54Z</datestamp><setSpec>uge_bcen_RapidILL_BOOK</setSpec><setSpec>uge_aaca_RapidILL_BOOK</setSpec><setSpec>uge_abels_RapidILL_BOOK</setSpec><setSpec>uge_dbu_RapidILL_BOOK</setSpec><setSpec>uge_cmu_RapidILL_BOOK</setSpec><setSpec>uge_mail_RapidILL_BOOK</setSpec><setSpec>UNIGE_ALL</setSpec><setSpec>uge_abbat_RapidILL_BOOK</setSpec><setSpec>uge_aobs_RapidILL_BOOK</setSpec><setSpec>uge_acar_RapidILL_BOOK</setSpec></header><metadata>
<record xmlns="http://www.loc.gov/MARC21/slim" xmlns:xsi="http://www.w3.org/2001/XMLSchema-instance" xsi:schemaLocation="http://www.loc.gov/MARC21/slim http://www.loc.gov/standards/marcxml/schema/MARC21slim.xsd"><leader>07914nam a2200997 c 4500</leader><controlfield tag="001">991000769299705502</controlfield><controlfield tag="005">20240927123735.0</controlfield><controlfield tag="008">201011s2015    gw       m    00| | ger| </controlfield><datafield ind1=" " ind2=" " tag="015"><subfield code="a">14,N42</subfield><subfield code="2">dnb</subfield></datafield><datafield ind1="7" ind2=" " tag="016"><subfield code="a">1059100371</subfield><subfield code="2">DE-101</subfield></datafield><datafield ind1=" " ind2=" " tag="019"><subfield code="a">Korch, Stefan (1985-)</subfield><subfield code="5">NEBIS/02-03.15 rosi</subfield></datafield><datafield ind1=" " ind2=" " tag="020"><subfield code="a">9783161535024</subfield><subfield code="c">EUR 89.00</subfield></datafield><datafield ind1=" " ind2=" " tag="020"><subfield code="a">3161535022</subfield></datafield><datafield ind1="3" ind2=" " tag="024"><subfield code="a">9783161535024</subfield></datafield><datafield ind1=" " ind2=" " tag="035"><subfield code="a">(swissbib)215445295-41slsp_network</subfield></datafield><datafield ind1=" " ind2=" " tag="035"><subfield code="a">215445295</subfield><subfield code="9">ExL</subfield></datafield><datafield ind1=" " ind2=" " tag="035"><subfield code="a">(IDSLU)001274559ILU01</subfield></datafield><datafield ind1=" " ind2=" " tag="035"><subfield code="a">(RERO)R008027690-41slsp</subfield></datafield><datafield ind1=" " ind2=" " tag="035"><subfield code="a">(NEBIS)010389634EBI01</subfield></datafield><datafield ind1=" " ind2=" " tag="035"><subfield code="a">(IDSBB)006312888DSV01</subfield></datafield><datafield ind1=" " ind2=" " tag="035"><subfield code="a">(IDSSG)000664956HSB01</subfield></datafield><datafield ind1=" " ind2=" " tag="035"><subfield code="a">(OCoLC)903698766</subfield></datafield><datafield ind1=" " ind2=" " tag="035"><subfield code="a">(DE-604)BV042173069</subfield></datafield><datafield ind1=" " ind2=" " tag="035"><subfield code="a">(OCoLC)893439016</subfield></datafield><datafield ind1=" " ind2=" " tag="035"><subfield code="a">(EXLNZ-41SLSP_NETWORK)991054573919705501</subfield></datafield><datafield ind1=" " ind2=" " tag="040"><subfield code="a">GWDNB</subfield><subfield code="b">ger</subfield><subfield code="e">rda</subfield><subfield code="d">CH-ZuSLS</subfield></datafield><datafield ind1=" " ind2="7" tag="072"><subfield code="a">840</subfield><subfield code="2">IDS LU</subfield></datafield><datafield ind1=" " ind2="7" tag="072"><subfield code="a">801</subfield><subfield code="2">IDS LU</subfield></datafield><datafield ind1=" " ind2="7" tag="072"><subfield code="a">dr</subfield><subfield code="2">rero</subfield></datafield><datafield ind1=" " ind2="7" tag="072"><subfield code="a">rw</subfield><subfield code="2">SzZuIDS BS/BE</subfield></datafield><datafield ind1=" " ind2="7" tag="072"><subfield code="a">sz</subfield><subfield code="2">SzZuIDS BS/BE</subfield></datafield><datafield ind1="0" ind2="4" tag="082"><subfield code="a">340.115</subfield><subfield code="2">22/ger</subfield></datafield><datafield ind1="0" ind2="4" tag="082"><subfield code="a">340</subfield></datafield><datafield ind1="1" ind2="4" tag="082"><subfield code="a">300</subfield><subfield code="2">15</subfield></datafield><datafield ind1="1" ind2="4" tag="082"><subfield code="a">340</subfield><subfield code="2">15</subfield></datafield><datafield ind1=" " ind2=" " tag="084"><subfield code="a">CA/D 75 h</subfield><subfield code="2">cjurrom</subfield></datafield><datafield ind1=" " ind2=" " tag="084"><subfield code="a">PD 3780</subfield><subfield code="2">rvk</subfield></datafield><datafield ind1=" " ind2=" " tag="084"><subfield code="a">PD 6160</subfield><subfield code="2">rvk</subfield></datafield><datafield ind1=" " ind2=" " tag="084"><subfield code="a">PI 4130</subfield><subfield code="2">rvk</subfield></datafield><datafield ind1=" " ind2=" " tag="084"><subfield code="a">QC 010</subfield><subfield code="2">rvk</subfield></datafield><datafield ind1=" " ind2=" " tag="084"><subfield code="a">340</subfield><subfield code="2">sdnb</subfield></datafield><datafield ind1="1" ind2=" " tag="100"><subfield code="a">Korch, Stefan</subfield><subfield code="d">1985-</subfield><subfield code="6">880-01</subfield><subfield code="0">(DE-588)106725286X</subfield><subfield code="e">Verfasser</subfield><subfield code="4">aut</subfield></datafield><datafield ind1="1" ind2=" " tag="880"><subfield code="6">100-01</subfield><subfield code="a">Korch, Stefan</subfield><subfield code="d">1985-....</subfield><subfield code="0">(IDREF)188413286</subfield><subfield code="4">cre</subfield></datafield><datafield ind1="1" ind2="0" tag="245"><subfield code="a">Haftung und Verhalten</subfield><subfield code="b">eine ökonomische Untersuchung des Haftungsrechts unter Berücksichtigung begrenzter Rationalität und komplexer Präferenzen</subfield><subfield code="c">Stefan Korch</subfield></datafield><datafield ind1=" " ind2="1" tag="264"><subfield code="a">Tübingen</subfield><subfield code="b">Mohr Siebeck</subfield><subfield code="c">[2015]</subfield></datafield><datafield ind1=" " ind2=" " tag="300"><subfield code="a">xiii, 293 Seiten</subfield><subfield code="b">Illustrationen</subfield></datafield><datafield ind1=" " ind2=" " tag="336"><subfield code="b">txt</subfield><subfield code="2">rdacontent</subfield></datafield><datafield ind1=" " ind2=" " tag="337"><subfield code="b">n</subfield><subfield code="2">rdamedia</subfield></datafield><datafield ind1=" " ind2=" " tag="338"><subfield code="b">nc</subfield><subfield code="2">rdacarrier</subfield></datafield><datafield ind1="1" ind2=" " tag="490"><subfield code="a">Studien zum Privatrecht</subfield><subfield code="v">Band 42</subfield></datafield><datafield ind1=" " ind2=" " tag="502"><subfield code="b">Dissertation</subfield><subfield code="c">Friedrich-Alexander-Universität Erlangen-Nürnberg</subfield><subfield code="d">2013/2014</subfield></datafield><datafield ind1=" " ind2="7" tag="650"><subfield code="a">Responsabilité (droit)</subfield><subfield code="0">(IDREF)027480259</subfield><subfield code="2">idref</subfield></datafield><datafield ind1=" " ind2="7" tag="650"><subfield code="a">Économie politique</subfield><subfield code="0">(IDREF)027790479</subfield><subfield code="2">idref</subfield></datafield><datafield ind1=" " ind2="7" tag="650"><subfield code="a">Prise de risque</subfield><subfield code="0">(IDREF)02772655X</subfield><subfield code="2">idref</subfield></datafield><datafield ind1=" " ind2="7" tag="650"><subfield code="a">Risikoanalyse</subfield><subfield code="0">(DE-588)4137042-9</subfield><subfield code="2">gnd</subfield></datafield><datafield ind1=" " ind2="7" tag="650"><subfield code="a">Haftpflicht</subfield><subfield code="0">(DE-588)4022892-7</subfield><subfield code="2">gnd</subfield></datafield><datafield ind1=" " ind2="7" tag="650"><subfield code="a">Verhalten</subfield><subfield code="0">(DE-588)4062860-7</subfield><subfield code="2">gnd</subfield></datafield><datafield ind1=" " ind2="0" tag="650"><subfield code="a">Economics</subfield><subfield code="x">Psychological aspects</subfield></datafield><datafield ind1=" " ind2="0" tag="650"><subfield code="a">Law and economics</subfield></datafield><datafield ind1=" " ind2="0" tag="650"><subfield code="a">Liability (Law)</subfield></datafield><datafield ind1=" " ind2="7" tag="650"><subfield code="a">Rationalprinzip</subfield><subfield code="0">(DE-588)4203096-1</subfield><subfield code="2">gnd</subfield></datafield><datafield ind1=" " ind2="7" tag="650"><subfield code="a">Verhaltensökonomie</subfield><subfield code="0">(DE-588)7751254-6</subfield><subfield code="2">gnd</subfield></datafield><datafield ind1=" " ind2="7" tag="650"><subfield code="a">Faulheit</subfield><subfield code="0">(DE-588)4153792-0</subfield><subfield code="2">gnd</subfield></datafield><datafield ind1=" " ind2="7" tag="650"><subfield code="a">Selbstüberschätzung</subfield><subfield code="0">(DE-588)4133278-7</subfield><subfield code="2">gnd</subfield></datafield><datafield ind1=" " ind2="7" tag="650"><subfield code="a">Haftung</subfield><subfield code="0">(DE-588)4022898-8</subfield><subfield code="2">gnd</subfield></datafield><datafield ind1=" " ind2="7" tag="650"><subfield code="a">Ökonomische Theorie des Rechts</subfield><subfield code="0">(DE-588)4135492-8</subfield><subfield code="2">gnd</subfield></datafield><datafield ind1=" " ind2="7" tag="651"><subfield code="a">Allemagne</subfield><subfield code="0">(IDREF)027218856</subfield><subfield code="2">idref</subfield></datafield><datafield ind1=" " ind2="7" tag="651"><subfield code="a">Deutschland</subfield><subfield code="0">(DE-588)4011882-4</subfield><subfield code="2">gnd</subfield></datafield><datafield ind1=" " ind2="7" tag="655"><subfield code="a">Thèses et écrits académiques</subfield><subfield code="0">(IDREF)027253139</subfield><subfield code="2">idref</subfield></datafield><datafield ind1=" " ind2="7" tag="655"><subfield code="a">Hochschulschrift</subfield><subfield code="2">gnd-content</subfield></datafield><datafield ind1=" " ind2=" " tag="690"><subfield code="a">Haftfestigkeit; Auswirkung; Produkthaftung; Schaden; Effekt; Gefährdungshaftung; Risiko; experimentelle Untersuchung; Kosten; Abweichung; Rechtsordnung; Urteil (Rechtsprechung); Wirkung; Begründung; Regulierung; Gericht (Rechtsprechung); Fehlerursache</subfield><subfield code="2">idssg-J</subfield></datafield><datafield ind1=" " ind2=" " tag="690"><subfield code="a">Zwischenergebnis; Ankereffekt; Verschuldenshaftung; Gesamtwirkung; Haftungsausfüllung; Risikoeinschätzung; Tierhalterhaftung; Selbstüberschätzung; Anreizsetzung; Drittschaden; Führerhaftung; Geschäftsleiterhaftung; Lerneffekt; Problemaufriss; Quasigefährdungshaftung; Risikoneigung; Sorgfaltsanforderung; Zukunftserwartung; Zwischenbefund; Schadensersatzhöhe; Schadenskosten; Schmerzensgeldhöhe; Vermeidungsmöglichkeit; Integritätszuschlag; Anreizsituation; Ausgangssituation; Extremsituation; Fragestellung; Geschäftsleiterermessen; Gestaltungsmöglichkeit; Haftungsprozess; Informationsdefizit; Kosteninternalisierung; Lösungsmöglichkeit; Schadenshöhe; Steuerungsmöglichkeit; Versicherungslösung; Willensstärke; Nettonutzen; Produkthaftungsgesetz; Sorgfaltsstandard; Verhaltensregel; Vorbeugungskosten; Abbildungsverzeichnis; Affektionsinteresse; Aktivitätsniveau; Beweismaß; Grundzug; Haftungsregime; Haltefrist; Idealfall; Literaturverzeichnis; Marktteilnehmer; Repräsentativitätsheuristik; Rückschaufehler; Sachregister; Siebeck; Sorgfaltsmaßstab; Sorgfaltsniveau; Untersuchungsgegenstand; Verlustaversion; Verlustperspektive; Vermögenswert; Zwischenfazit; Zwischenstand</subfield><subfield code="2">idssg-J</subfield></datafield><datafield ind1=" " ind2=" " tag="690"><subfield code="a">anderer Vermögenswert; beobachtete Abweichung; eigenständige Bedeutung; juristische Sicht; klassische Theorie; systematische Abweichung; unklarer Standard; abschließende Bemerkung; anderes Ergebnis; andere Fehlerursache; andere Stelle; angemessene Information; ausgeführte Reparatur; begrenzte Rationalität; beschränktes Eigeninteresse; beschränkte Rationalität; beschränkte Willensstärke; besondere Ausprägung; bisheriger Ansatz; eingehaltener Sorgfaltsmaßstab; empirische Sicht; erforderliches Beweismaß; erzwungene Berücksichtigung; falsche Schadensersatzhöhe; fehlende Pflichtversicherung; fehlerhafte Bestimmung; fehlerhafte Entscheidung; fehlerhafte Festlegung; fehlerhafte Prognose; fehlerhafte Risikoeinschätzung; fehlerhafte Zukunftserwartung; fremde Fähigkeit; fremder Lerneffekt; generelle Berücksichtigung; gerichtliche Entscheidung; gerichtlicher Standard; gerichtliches Verfahren; gesamte Vorbeugungskosten; gesamtgesellschaftlicher Vorteil; haftungsrechtliche Realität; haftungstheoretischer Idealfall; hohe Sorgfaltsanforderung; immaterieller Schaden; irrationaler Erwerber; komplexe Präferenz; mangelhafte Anreizsetzung; materieller Schaden; materieller Vermögenswert; menschliche Präferenz; mögliches Auftreten; mögliche Bestimmung; möglicher Nachteil; mögliche Ursache; niedriger Sorgfaltsstandard; notwendige Internalisierung; offenes Ergebnis; optimales Aktivitätsniveau; optimale Sorgfalt; optimales Sorgfaltsniveau; professioneller Laie; professioneller Marktteilnehmer; rationaler Konsument; rechtlicher Grundzug; rechtsvergleichende Sicht; rechtsökonomischer Streit; relevantes Beispiel; richterliche Selbstzufriedenheit; richtige Einschätzung; richtiges Haftungsregime; richtige Schadenshöhe; richtiger Sorgfaltsmaßstab; schwankender Betrag; selbstdienliche Wahrnehmung; systematische Abweichung; tatsächliches Verhalten; unberücksichtigte Kosten; unrealistischer Optimismus</subfield><subfield code="2">idssg-J</subfield></datafield><datafield ind1=" " ind2=" " tag="690"><subfield code="a">; unrealistische Selbstüberschätzung; unsystematische Abweichung; unternehmerische Entscheidung; unvollständige Information; verbotener Beweis; verschuldensunabhängige Haftung; vertragliche Gestaltungsmöglichkeit; weiteres Beispiel; ökonomische Auswirkung; ökonomische Bedeutung; ökonomische Begründung; ökonomische Grundlage; ökonomische Sicht; ökonomische Theorie; ökonomische Untersuchung</subfield><subfield code="2">idssg-J</subfield></datafield><datafield ind1=" " ind2=" " tag="690"><subfield code="a">Vereinigte Staaten C1USA; Deutschland C4EUGE</subfield><subfield code="2">idssg-J</subfield></datafield><datafield ind1=" " ind2=" " tag="690"><subfield code="a">Präferenz Mohr Siebeck Abbildungsverzeichnis; Präferenz Stefan Korch Haftung; weiter Beispiel Tierhalterhaftung</subfield><subfield code="2">idssg-J</subfield></datafield><datafield ind1=" " ind2=" " tag="691"><subfield code="e">PC 72 D</subfield><subfield code="2">rzs-L1</subfield></datafield><datafield ind1=" " ind2=" " tag="691"><subfield code="e">PC 75 D</subfield><subfield code="2">rzs-L1</subfield></datafield><datafield ind1=" " ind2=" " tag="691"><subfield code="e">PC 18.10 D</subfield><subfield code="2">rzs-L1</subfield></datafield><datafield ind1="4" ind2=" " tag="856"><subfield code="3">Titelblatt und Inhaltsverzeichnis</subfield><subfield code="u">https://toc.library.ethz.ch/objects/pdf03/z16_978-3-16-153502-4_01.pdf</subfield><subfield code="q">pdf</subfield></datafield><datafield ind1="4" ind2="2" tag="856"><subfield code="u">https://deposit.dnb.de/cgi-bin/dokserv?id=4789602&amp;prov=M&amp;dok_var=1&amp;dok_ext=htm</subfield><subfield code="z">Inhaltstext</subfield></datafield><datafield ind1=" " ind2="0" tag="830"><subfield code="a">Studien zum Privatrecht</subfield><subfield code="v">42</subfield><subfield code="w">(RERO)R005175335-41slsp</subfield></datafield><datafield ind1=" " ind2=" " tag="900"><subfield code="a">REROnoselfmerge</subfield></datafield><datafield ind1=" " ind2=" " tag="900"><subfield code="a">IDSZ2zbzmon201705l</subfield><subfield code="c">IDSZ2beer</subfield><subfield code="d">IDSZ2zbzswk201705g</subfield><subfield code="e">IDSZ2bruu</subfield></datafield><datafield ind1=" " ind2=" " tag="900"><subfield code="a">IDSZ2rwimon201503p</subfield><subfield code="c">IDSZ2rosi 150302</subfield><subfield code="d">IDSZ2rwiswk201504b</subfield><subfield code="e">IDSZ2judu</subfield></datafield><datafield ind1=" " ind2=" " tag="949"><subfield code="a">https://toc.library.ethz.ch/objects/pdf03/z16_978-3-16-153502-4_01.pdf</subfield></datafield><datafield ind1=" " ind2=" " tag="949"><subfield code="a">https://deposit.dnb.de/cgi-bin/dokserv?id=4789602&amp;prov=M&amp;dok_var=1&amp;dok_ext=htm</subfield></datafield></record>
</metadata></record>