<record><header><identifier>oai:alma.41SLSP_UGE:991000769089705502</identifier><datestamp>2023-04-15T00:11:49Z</datestamp><setSpec>uge_bcen_RapidILL_BOOK</setSpec><setSpec>uge_aaca_RapidILL_BOOK</setSpec><setSpec>uge_abels_RapidILL_BOOK</setSpec><setSpec>uge_dbu_RapidILL_BOOK</setSpec><setSpec>uge_cmu_RapidILL_BOOK</setSpec><setSpec>uge_mail_RapidILL_BOOK</setSpec><setSpec>uge_abbat_RapidILL_BOOK</setSpec><setSpec>UNIGE_ALL</setSpec><setSpec>uge_aobs_RapidILL_BOOK</setSpec><setSpec>uge_acar_RapidILL_BOOK</setSpec></header><metadata>
<record xmlns="http://www.loc.gov/MARC21/slim" xmlns:xsi="http://www.w3.org/2001/XMLSchema-instance" xsi:schemaLocation="http://www.loc.gov/MARC21/slim http://www.loc.gov/standards/marcxml/schema/MARC21slim.xsd"><leader>02257nam a2200601 c 4500</leader><controlfield tag="001">991000769089705502</controlfield><controlfield tag="005">20230414202706.0</controlfield><controlfield tag="008">201012s2010    dcu           00| | eng| </controlfield><datafield ind1=" " ind2=" " tag="010"><subfield code="a">2009040974</subfield></datafield><datafield ind1="7" ind2=" " tag="016"><subfield code="a">L4142-005276</subfield><subfield code="2">SzZuIDS</subfield></datafield><datafield ind1=" " ind2=" " tag="020"><subfield code="a">9781433807503</subfield></datafield><datafield ind1=" " ind2=" " tag="020"><subfield code="a">1433807505</subfield></datafield><datafield ind1=" " ind2=" " tag="035"><subfield code="a">(swissbib)235842575-41slsp_network</subfield></datafield><datafield ind1=" " ind2=" " tag="035"><subfield code="a">235842575</subfield><subfield code="9">ExL</subfield></datafield><datafield ind1=" " ind2=" " tag="035"><subfield code="a">(IDSBB)005171269DSV01</subfield></datafield><datafield ind1=" " ind2=" " tag="035"><subfield code="a">(RERO)R006309575-41slsp</subfield></datafield><datafield ind1=" " ind2=" " tag="035"><subfield code="a">(DNLM)101516819</subfield></datafield><datafield ind1=" " ind2=" " tag="035"><subfield code="a">(EXLNZ-41SLSP_NETWORK)991118355129705501</subfield></datafield><datafield ind1=" " ind2=" " tag="040"><subfield code="a">DNLM/DLC</subfield><subfield code="e">kids</subfield><subfield code="d">CH-ZuSLS</subfield></datafield><datafield ind1=" " ind2=" " tag="050"><subfield code="a">RC480.5</subfield><subfield code="b">.W2764 2010</subfield></datafield><datafield ind1=" " ind2=" " tag="060"><subfield code="a">WM 420</subfield><subfield code="b">W243b 2010</subfield></datafield><datafield ind1=" " ind2="0" tag="060"><subfield code="a">2010 D-471</subfield></datafield><datafield ind1=" " ind2="7" tag="072"><subfield code="a">ps</subfield><subfield code="2">SzZuIDS BS/BE</subfield></datafield><datafield ind1=" " ind2="7" tag="072"><subfield code="a">me</subfield><subfield code="2">rero</subfield></datafield><datafield ind1="0" ind2="0" tag="082"><subfield code="a">616.89/14</subfield><subfield code="2">22</subfield></datafield><datafield ind1="1" ind2="4" tag="082"><subfield code="a">150</subfield><subfield code="2">15</subfield></datafield><datafield ind1=" " ind2=" " tag="084"><subfield code="a">CU 8000</subfield><subfield code="2">rvk</subfield></datafield><datafield ind1="1" ind2=" " tag="100"><subfield code="a">Wampold, Bruce E.</subfield><subfield code="d">1948-</subfield><subfield code="0">(DE-588)142714615</subfield><subfield code="6">880-01</subfield></datafield><datafield ind1="1" ind2=" " tag="880"><subfield code="a">Wampold, Bruce E</subfield><subfield code="0">(RERO)A022288421</subfield><subfield code="4">cre</subfield><subfield code="6">100-01</subfield></datafield><datafield ind1="1" ind2="0" tag="245"><subfield code="a">&lt;&lt;The&gt;&gt; basics of psychotherapy</subfield><subfield code="b">an introduction to theory and practice</subfield><subfield code="c">Bruce E. Wampold</subfield></datafield><datafield ind1=" " ind2=" " tag="250"><subfield code="a">1st ed.</subfield></datafield><datafield ind1=" " ind2="1" tag="264"><subfield code="a">Washington, D.C.</subfield><subfield code="b">American Psychological Association</subfield><subfield code="c">2010</subfield></datafield><datafield ind1=" " ind2="4" tag="264"><subfield code="c">© 2010</subfield></datafield><datafield ind1=" " ind2=" " tag="300"><subfield code="a">xiv, 148 p.</subfield></datafield><datafield ind1=" " ind2=" " tag="336"><subfield code="b">txt</subfield><subfield code="2">rdacontent</subfield></datafield><datafield ind1=" " ind2=" " tag="337"><subfield code="b">n</subfield><subfield code="2">rdamedia</subfield></datafield><datafield ind1=" " ind2=" " tag="338"><subfield code="b">nc</subfield><subfield code="2">rdacarrier</subfield></datafield><datafield ind1="0" ind2=" " tag="490"><subfield code="a">Theories of psychotherapy series</subfield></datafield><datafield ind1=" " ind2=" " tag="504"><subfield code="a">Includes bibliographical references and index.</subfield></datafield><datafield ind1="0" ind2=" " tag="505"><subfield code="a">Psychotherapy theory : the historical context -- The role of theory -- Research on the effectiveness of psychotherapy -- How does psychotherapy work ? -- Summary</subfield></datafield><datafield ind1=" " ind2="2" tag="650"><subfield code="a">Psychotherapy</subfield><subfield code="x">methods</subfield><subfield code="0">(DNLM)D011613Q000379</subfield></datafield><datafield ind1=" " ind2="2" tag="650"><subfield code="a">Models, Psychological</subfield><subfield code="0">(DNLM)D008960</subfield></datafield><datafield ind1=" " ind2="2" tag="650"><subfield code="a">Psychological Theory</subfield><subfield code="0">(DNLM)D011582</subfield></datafield><datafield ind1=" " ind2="2" tag="650"><subfield code="a">Psychotherapy</subfield><subfield code="x">history</subfield><subfield code="0">(DNLM)D011613Q000266</subfield></datafield><datafield ind1=" " ind2="7" tag="650"><subfield code="a">Psychotherapie</subfield><subfield code="2">idsbb</subfield></datafield><datafield ind1=" " ind2="0" tag="650"><subfield code="a">Psychotherapy</subfield><subfield code="x">History</subfield></datafield><datafield ind1=" " ind2="2" tag="650"><subfield code="a">Psychotherapy</subfield><subfield code="x">methods</subfield></datafield><datafield ind1=" " ind2="2" tag="650"><subfield code="a">Models, Psychological</subfield></datafield><datafield ind1=" " ind2="2" tag="650"><subfield code="a">Psychological Theory</subfield></datafield><datafield ind1=" " ind2="2" tag="650"><subfield code="a">Psychotherapy</subfield><subfield code="x">history</subfield></datafield><datafield ind1=" " ind2="7" tag="650"><subfield code="a">psychothérapie - technique</subfield><subfield code="0">(RERO)A010137055</subfield><subfield code="2">rerovoc</subfield></datafield><datafield ind1=" " ind2="7" tag="650"><subfield code="a">psychothérapie - théorie</subfield><subfield code="0">(RERO)A010137056</subfield><subfield code="2">rerovoc</subfield></datafield><datafield ind1="4" ind2=" " tag="856"><subfield code="3">Inhaltsverzeichnis</subfield><subfield code="u">http://www.ub.unibas.ch/tox/IDSBB/005171269/PDF</subfield><subfield code="q">pdf</subfield></datafield><datafield ind1=" " ind2=" " tag="949"><subfield code="a">http://www.ub.unibas.ch/tox/IDSBB/005171269/PDF</subfield></datafield></record>
</metadata></record>