<record><header><identifier>oai:alma.41SLSP_UGE:991000768879705502</identifier><datestamp>2023-06-26T00:15:08Z</datestamp><setSpec>UNIGE_audiovisuel</setSpec><setSpec>UNIGE_ALL</setSpec></header><metadata>
<record xmlns="http://www.loc.gov/MARC21/slim" xmlns:xsi="http://www.w3.org/2001/XMLSchema-instance" xsi:schemaLocation="http://www.loc.gov/MARC21/slim http://www.loc.gov/standards/marcxml/schema/MARC21slim.xsd"><leader>02743ngm a2200421 c 4500</leader><controlfield tag="001">991000768879705502</controlfield><controlfield tag="005">20230625173322.0</controlfield><controlfield tag="007">vd |v||||</controlfield><controlfield tag="008">041014s2003    fr ||| |          v|fre d</controlfield><datafield ind1="4" ind2="2" tag="028"><subfield code="a">5050582041507</subfield></datafield><datafield ind1="5" ind2="2" tag="028"><subfield code="a">820 415-0</subfield></datafield><datafield ind1=" " ind2=" " tag="035"><subfield code="a">(swissbib)101129432-41slsp_network</subfield></datafield><datafield ind1=" " ind2=" " tag="035"><subfield code="a">101129432</subfield><subfield code="9">ExL</subfield></datafield><datafield ind1=" " ind2=" " tag="035"><subfield code="a">(RERO)R003720994-41slsp</subfield></datafield><datafield ind1=" " ind2=" " tag="035"><subfield code="a">(EXLNZ-41SLSP_NETWORK)991067853079705501</subfield></datafield><datafield ind1=" " ind2=" " tag="040"><subfield code="a">RERO necfbv</subfield><subfield code="d">CH-ZuSLS</subfield></datafield><datafield ind1="1" ind2=" " tag="041"><subfield code="a">fre</subfield><subfield code="a">mul</subfield><subfield code="h">eng</subfield></datafield><datafield ind1=" " ind2="7" tag="072"><subfield code="a">ba</subfield><subfield code="2">rero</subfield></datafield><datafield ind1=" " ind2="7" tag="072"><subfield code="a">me</subfield><subfield code="2">rero</subfield></datafield><datafield ind1="0" ind2="0" tag="245"><subfield code="a">Patch Adams</subfield><subfield code="c">dir. by Tom Shadyac ; screenplay by Steve Oedekerk ; based on the book &quot;Gesundheit : good health is a laughing matter&quot; by Hunter Doherty Adams with Maureen Mylander ; music by Marc Shaiman</subfield></datafield><datafield ind1=" " ind2="1" tag="264"><subfield code="a">[Lieu de publication non identifié]</subfield><subfield code="b">Universal Pictures Video</subfield><subfield code="c">2003</subfield></datafield><datafield ind1=" " ind2=" " tag="300"><subfield code="a">1 DVD vidéo</subfield></datafield><datafield ind1=" " ind2=" " tag="336"><subfield code="b">tdi</subfield><subfield code="2">rdacontent</subfield></datafield><datafield ind1=" " ind2=" " tag="337"><subfield code="b">v</subfield><subfield code="2">rdamedia</subfield></datafield><datafield ind1=" " ind2=" " tag="338"><subfield code="b">vd</subfield><subfield code="2">rdacarrier</subfield></datafield><datafield ind1=" " ind2=" " tag="500"><subfield code="a">Paru en français également sous le titre : Docteur Patch</subfield></datafield><datafield ind1=" " ind2=" " tag="500"><subfield code="a">Durée du film : 1h50 min.</subfield></datafield><datafield ind1=" " ind2=" " tag="500"><subfield code="a">Une prod. Universal Pictures, cop. 1998</subfield></datafield><datafield ind1=" " ind2=" " tag="500"><subfield code="a">Langues : anglais, français, italien, espagnol. Sous-titres : anglais, français, portugais, arabe</subfield></datafield><datafield ind1="0" ind2=" " tag="505"><subfield code="a">Bonus : Making of ; Scènes supprimées ; Commentaire audio ; Notes de production ; Film annonce ; Casting &amp; réalisateur</subfield></datafield><datafield ind1="0" ind2=" " tag="511"><subfield code="a">Robin Williams ; Monica Potter ; Bob Gunton ; Daniel London ; Peter Coyote... et al.</subfield></datafield><datafield ind1="8" ind2=" " tag="520"><subfield code="a">&quot;Patch Adams, inspiré d'une histoire vraie... Après un bref séjour dans un institut psychiatrique, Patch Adams décide de devenir médecin. Sur le campus, Patch est d'emblée considéré comme un original car il pense que les patients heureux et souriants guérissent plus vite que les autres. Lorsqu'il décide d'appliquer sa théorie dans ses études, il se heurte aussitôt à de vives réactions et suscite l'aversion du doyen de l'université. Cela ne l'empêche toutefois pas de rendre de joyeuses visites aux patients de l'hôpital en compagnie de son ami Truman et de Carin, une autre étudiante qui était pourtant sceptique au départ. Mais Patch couve déjà d'autres ambitions, bien plus audacieuses : fonder sa propre clinique, libre et indépendante, où les patients ne seront plus des numéros mais des personnes à part entière. De vraies personnes animées par le rire.&quot;</subfield><subfield code="5">RERO/geuhim/12.2015</subfield></datafield><datafield ind1=" " ind2="7" tag="655"><subfield code="a">DVD</subfield><subfield code="0">(IDREF)035108444</subfield><subfield code="2">idref</subfield></datafield><datafield ind1=" " ind2="7" tag="655"><subfield code="a">Films de fiction</subfield><subfield code="0">(IDREF)14779644X</subfield><subfield code="2">idref</subfield></datafield><datafield ind1="1" ind2=" " tag="700"><subfield code="a">Shadyac, Tom</subfield><subfield code="d">1958-....</subfield><subfield code="0">(IDREF)129583588</subfield></datafield><datafield ind1="1" ind2=" " tag="700"><subfield code="a">Shaiman, Marc</subfield><subfield code="d">1959-....</subfield><subfield code="0">(IDREF)087931818</subfield></datafield><datafield ind1="1" ind2="2" tag="700"><subfield code="a">Adams, Hunter Doherty</subfield><subfield code="t">Gesundheit : good health is a laughing matter</subfield></datafield><datafield ind1="1" ind2=" " tag="700"><subfield code="a">Oedekerk, Steve</subfield><subfield code="d">1961-....</subfield><subfield code="0">(IDREF)166487813</subfield></datafield><datafield ind1="1" ind2=" " tag="700"><subfield code="a">Adams, Hunter Doherty</subfield></datafield><datafield ind1=" " ind2=" " tag="960"><subfield code="2">mots-clés UNIGE</subfield><subfield code="a">cinéma et médecine ; thérapie par le rire ; relation médecin-patient ; empathie</subfield><subfield code="9">LOCAL</subfield></datafield><datafield ind1=" " ind2=" " tag="990"><subfield code="a">cinemed</subfield><subfield code="9">LOCAL</subfield></datafield></record>
</metadata></record>