<record><header><identifier>oai:alma.41SLSP_UGE:991000769279705502</identifier><datestamp>2023-11-25T02:18:48Z</datestamp><setSpec>uge_bcen_RapidILL_BOOK</setSpec><setSpec>uge_aaca_RapidILL_BOOK</setSpec><setSpec>uge_abels_RapidILL_BOOK</setSpec><setSpec>uge_dbu_RapidILL_BOOK</setSpec><setSpec>uge_cmu_RapidILL_BOOK</setSpec><setSpec>uge_mail_RapidILL_BOOK</setSpec><setSpec>uge_abbat_RapidILL_BOOK</setSpec><setSpec>UNIGE_ALL</setSpec><setSpec>uge_acar_RapidILL_BOOK</setSpec><setSpec>uge_aobs_RapidILL_BOOK</setSpec></header><metadata>
<record xmlns="http://www.loc.gov/MARC21/slim" xmlns:xsi="http://www.w3.org/2001/XMLSchema-instance" xsi:schemaLocation="http://www.loc.gov/MARC21/slim http://www.loc.gov/standards/marcxml/schema/MARC21slim.xsd"><leader>01986nam a2200481 c 4500</leader><controlfield tag="001">991000769279705502</controlfield><controlfield tag="005">20230630214639.0</controlfield><controlfield tag="008">201011s2002    it ||||| |||| 00| ||ger d</controlfield><datafield ind1=" " ind2=" " tag="020"><subfield code="a">8852500081</subfield></datafield><datafield ind1=" " ind2=" " tag="035"><subfield code="a">(swissbib)214877132-41slsp_network</subfield></datafield><datafield ind1=" " ind2=" " tag="035"><subfield code="a">214877132</subfield><subfield code="9">ExL</subfield></datafield><datafield ind1=" " ind2=" " tag="035"><subfield code="a">(RERO)R003299894-41slsp</subfield></datafield><datafield ind1=" " ind2=" " tag="035"><subfield code="a">(SBT)000312832SBT01</subfield></datafield><datafield ind1=" " ind2=" " tag="035"><subfield code="a">(NEBIS)009213209EBI01</subfield></datafield><datafield ind1=" " ind2=" " tag="035"><subfield code="a">(ALEX)bv081875460</subfield></datafield><datafield ind1=" " ind2=" " tag="035"><subfield code="a">(EXLNZ-41SLSP_NETWORK)991087287099705501</subfield></datafield><datafield ind1=" " ind2=" " tag="040"><subfield code="a">RERO geueti</subfield><subfield code="d">CH-ZuSLS</subfield></datafield><datafield ind1="0" ind2=" " tag="041"><subfield code="a">ger</subfield><subfield code="a">ita</subfield></datafield><datafield ind1=" " ind2="7" tag="072"><subfield code="a">al</subfield><subfield code="2">rero</subfield></datafield><datafield ind1=" " ind2="7" tag="072"><subfield code="a">it</subfield><subfield code="2">rero</subfield></datafield><datafield ind1="0" ind2="0" tag="245"><subfield code="a">Deutsch-italienisch, italienisch-deutsch</subfield><subfield code="b">= Tedesco-italiano, italiano-tedesco</subfield><subfield code="c">realizzato dal Centro lessicografico Sansoni ; sotto la dir. di Vladimiro Macchi</subfield></datafield><datafield ind1="1" ind2=" " tag="246"><subfield code="a">Tedesco-italiano, italiano-tedesco</subfield></datafield><datafield ind1=" " ind2=" " tag="250"><subfield code="a">Nuova ed., [5a ed. rinnovata]</subfield><subfield code="b">a cura di Edigeo</subfield></datafield><datafield ind1=" " ind2="1" tag="264"><subfield code="a">Milano</subfield><subfield code="b">Rizzoli Larousse</subfield><subfield code="c">2002</subfield></datafield><datafield ind1=" " ind2=" " tag="300"><subfield code="a">XXII, 2055 p.</subfield><subfield code="c">25 cm</subfield><subfield code="e">1 CD-ROM</subfield></datafield><datafield ind1=" " ind2=" " tag="336"><subfield code="b">txt</subfield><subfield code="2">rdacontent</subfield></datafield><datafield ind1=" " ind2=" " tag="337"><subfield code="b">n</subfield><subfield code="2">rdamedia</subfield></datafield><datafield ind1=" " ind2=" " tag="338"><subfield code="b">nc</subfield><subfield code="2">rdacarrier</subfield></datafield><datafield ind1="1" ind2=" " tag="490"><subfield code="a">Sansoni Wörterbücher = Dizionari Sansoni</subfield></datafield><datafield ind1=" " ind2=" " tag="500"><subfield code="a">In testa alla cop.: Grande Rizzoli Larousse</subfield></datafield><datafield ind1=" " ind2="7" tag="650"><subfield code="a">Deutsch</subfield><subfield code="9">ger</subfield><subfield code="0">(RERO)jurivoc000005502ger</subfield><subfield code="2">jurivoc</subfield></datafield><datafield ind1=" " ind2="7" tag="650"><subfield code="a">Italienisch</subfield><subfield code="9">ger</subfield><subfield code="0">(RERO)jurivoc000012135ger</subfield><subfield code="2">jurivoc</subfield></datafield><datafield ind1=" " ind2="7" tag="650"><subfield code="a">Allemand (langue)</subfield><subfield code="0">(IDREF)027789829</subfield><subfield code="2">idref</subfield></datafield><datafield ind1=" " ind2="7" tag="650"><subfield code="a">Italien (langue)</subfield><subfield code="0">(IDREF)027278239</subfield><subfield code="2">idref</subfield></datafield><datafield ind1=" " ind2="7" tag="650"><subfield code="a">Lingua tedesca [e] Lingua italiana</subfield><subfield code="x">Dizionari bilingui</subfield><subfield code="2">sbt12</subfield></datafield><datafield ind1=" " ind2="7" tag="655"><subfield code="a">Dictionnaires</subfield><subfield code="0">(IDREF)027232050</subfield><subfield code="2">idref</subfield></datafield><datafield ind1=" " ind2="7" tag="655"><subfield code="a">zweisprachiges Wörterbuch</subfield><subfield code="9">ger</subfield><subfield code="2">jurivoc</subfield><subfield code="0">(RERO)jurivoc000027526ger</subfield></datafield><datafield ind1=" " ind2="7" tag="655"><subfield code="a">Wörterbuch</subfield><subfield code="9">ger</subfield><subfield code="2">jurivoc</subfield><subfield code="0">(RERO)jurivoc000026860ger</subfield></datafield><datafield ind1=" " ind2="7" tag="655"><subfield code="a">CD-Rom(Dokumententyp)</subfield><subfield code="9">ger</subfield><subfield code="2">jurivoc</subfield><subfield code="0">(RERO)jurivoc000005016ger</subfield></datafield><datafield ind1=" " ind2=" " tag="691"><subfield code="e">010./030</subfield><subfield code="2">usi-TM</subfield></datafield><datafield ind1="1" ind2=" " tag="700"><subfield code="a">Coppola, Adriana</subfield></datafield><datafield ind1="1" ind2=" " tag="700"><subfield code="a">Macchi, Vladimiro</subfield><subfield code="0">(IDREF)073240680</subfield></datafield><datafield ind1="2" ind2=" " tag="710"><subfield code="a">Sansoni</subfield><subfield code="g">Florence, Italie</subfield><subfield code="0">(IDREF)028896750</subfield></datafield><datafield ind1="2" ind2=" " tag="710"><subfield code="a">Edigeo</subfield><subfield code="g">Italie</subfield><subfield code="0">(IDREF)075178664</subfield></datafield><datafield ind1=" " ind2="0" tag="830"><subfield code="a">Sansoni Wörterbücher</subfield><subfield code="w">(SBT)000003491SBT01</subfield></datafield></record>
</metadata></record>