<record><header><identifier>oai:alma.41SLSP_UGE:991000778389705502</identifier><datestamp>2023-06-26T00:14:45Z</datestamp><setSpec>UNIGE_ALL</setSpec></header><metadata>
<record xmlns="http://www.loc.gov/MARC21/slim" xmlns:xsi="http://www.w3.org/2001/XMLSchema-instance" xsi:schemaLocation="http://www.loc.gov/MARC21/slim http://www.loc.gov/standards/marcxml/schema/MARC21slim.xsd"><leader>02020ngm a2200397 c 4500</leader><controlfield tag="001">991000778389705502</controlfield><controlfield tag="005">20230625102406.0</controlfield><controlfield tag="007">vd |v||||</controlfield><controlfield tag="008">091109s2009    fr ||| |          v|fre d</controlfield><datafield ind1=" " ind2=" " tag="035"><subfield code="a">(swissbib)108614638-41slsp_network</subfield></datafield><datafield ind1=" " ind2=" " tag="035"><subfield code="a">108614638</subfield><subfield code="9">ExL</subfield></datafield><datafield ind1=" " ind2=" " tag="035"><subfield code="a">(RERO)R005206340-41slsp</subfield></datafield><datafield ind1=" " ind2=" " tag="035"><subfield code="a">(EXLNZ-41SLSP_NETWORK)991073902849705501</subfield></datafield><datafield ind1=" " ind2=" " tag="040"><subfield code="a">RERO geumem</subfield><subfield code="d">CH-ZuSLS</subfield></datafield><datafield ind1="1" ind2=" " tag="041"><subfield code="a">fre</subfield><subfield code="a">spa</subfield><subfield code="h">spa</subfield></datafield><datafield ind1=" " ind2="7" tag="072"><subfield code="a">mu</subfield><subfield code="2">rero</subfield></datafield><datafield ind1="0" ind2="0" tag="245"><subfield code="a">&lt;&lt;El&gt;&gt; Sistema</subfield><subfield code="b">la musique, avenir du Vénézuela</subfield><subfield code="c">un film de Paul Smaczny et Maria Stodtmeier</subfield></datafield><datafield ind1="1" ind2=" " tag="246"><subfield code="a">Musique, avenir du Vénézuela</subfield></datafield><datafield ind1=" " ind2="1" tag="264"><subfield code="a">[Lieu de publication non identifié]</subfield><subfield code="b">Arte France</subfield><subfield code="b">EuroArts [prod.]</subfield><subfield code="c">2009</subfield></datafield><datafield ind1=" " ind2=" " tag="300"><subfield code="a">1 DVD-R (1h25 min)</subfield></datafield><datafield ind1=" " ind2=" " tag="336"><subfield code="b">tdi</subfield><subfield code="2">rdacontent</subfield></datafield><datafield ind1=" " ind2=" " tag="337"><subfield code="b">v</subfield><subfield code="2">rdamedia</subfield></datafield><datafield ind1=" " ind2=" " tag="338"><subfield code="b">vd</subfield><subfield code="2">rdacarrier</subfield></datafield><datafield ind1="0" ind2=" " tag="490"><subfield code="a">Musica</subfield></datafield><datafield ind1=" " ind2=" " tag="500"><subfield code="a">Version originale espagnole sous-titrée en français</subfield></datafield><datafield ind1=" " ind2=" " tag="500"><subfield code="a">Diffusé sur Arte, le 26 octobre 2009</subfield></datafield><datafield ind1="8" ind2=" " tag="520"><subfield code="a">&quot;École fondée en 1975, El Sistema regroupe aujourd'hui d'innombrables ateliers et orchestres qui offrent une formation musicale de base à quelque 250 000 enfants vénézuéliens. José Antonio Abreu, le fondateur de ce système largement financé par l'État du Vénézuela, décrit d'une voix douce les effets exercés par la musique, notamment au niveau social. La plupart des candidats viennent en effet de milieux défavorisés ; ce lieu créatif et protégé leur offre une chance d'échapper à la rue.&quot;</subfield><subfield code="5">RERO/geumem/11.2009</subfield></datafield><datafield ind1=" " ind2="7" tag="650"><subfield code="a">Écoles de musique</subfield><subfield code="0">(IDREF)027710246</subfield><subfield code="2">idref</subfield></datafield><datafield ind1=" " ind2="7" tag="650"><subfield code="a">Bidonvilles</subfield><subfield code="0">(IDREF)027518418</subfield><subfield code="2">idref</subfield></datafield><datafield ind1=" " ind2="7" tag="650"><subfield code="a">Musique</subfield><subfield code="0">(IDREF)027240223</subfield><subfield code="2">idref</subfield></datafield><datafield ind1=" " ind2="7" tag="650"><subfield code="a">Étude et enseignement</subfield><subfield code="0">(IDREF)027789853</subfield><subfield code="2">idref</subfield></datafield><datafield ind1=" " ind2="7" tag="650"><subfield code="a">Écoles</subfield><subfield code="0">(IDREF)02743902X</subfield><subfield code="2">idref</subfield></datafield><datafield ind1=" " ind2="7" tag="650"><subfield code="a">Enfants</subfield><subfield code="0">(IDREF)027233278</subfield><subfield code="2">idref</subfield></datafield><datafield ind1=" " ind2="7" tag="651"><subfield code="a">Venezuela</subfield><subfield code="0">(IDREF)027409317</subfield><subfield code="2">idref</subfield></datafield><datafield ind1=" " ind2="7" tag="655"><subfield code="a">DVD</subfield><subfield code="2">idref</subfield><subfield code="0">(IDREF)035108444</subfield></datafield><datafield ind1="1" ind2=" " tag="700"><subfield code="a">Stodtmeier, Maria</subfield><subfield code="d">1979-....</subfield><subfield code="0">(IDREF)235298131</subfield></datafield><datafield ind1="1" ind2=" " tag="700"><subfield code="a">Smaczny, Paul</subfield><subfield code="c">producteur</subfield><subfield code="0">(IDREF)080527213</subfield></datafield></record>
</metadata></record>