<record><header><identifier>oai:alma.41SLSP_UGE:991000769069705502</identifier><datestamp>2023-03-17T01:50:45Z</datestamp><setSpec>uge_bcen_RapidILL_BOOK</setSpec><setSpec>uge_aaca_RapidILL_BOOK</setSpec><setSpec>uge_abels_RapidILL_BOOK</setSpec><setSpec>uge_dbu_RapidILL_BOOK</setSpec><setSpec>uge_cmu_RapidILL_BOOK</setSpec><setSpec>uge_mail_RapidILL_BOOK</setSpec><setSpec>uge_abbat_RapidILL_BOOK</setSpec><setSpec>UNIGE_ALL</setSpec><setSpec>uge_aobs_RapidILL_BOOK</setSpec><setSpec>uge_acar_RapidILL_BOOK</setSpec></header><metadata>
<record xmlns="http://www.loc.gov/MARC21/slim" xmlns:xsi="http://www.w3.org/2001/XMLSchema-instance" xsi:schemaLocation="http://www.loc.gov/MARC21/slim http://www.loc.gov/standards/marcxml/schema/MARC21slim.xsd"><leader>01083nam a2200277 c 4500</leader><controlfield tag="001">991000769069705502</controlfield><controlfield tag="005">20230316195152.0</controlfield><controlfield tag="008">000922s1997    ua ||||| |||| 01| ||eng d</controlfield><datafield ind1=" " ind2=" " tag="020"><subfield code="a">9771937731</subfield></datafield><datafield ind1=" " ind2=" " tag="035"><subfield code="a">(swissbib)09584483X-41slsp_network</subfield></datafield><datafield ind1=" " ind2=" " tag="035"><subfield code="a">09584483X</subfield><subfield code="9">ExL</subfield></datafield><datafield ind1=" " ind2=" " tag="035"><subfield code="a">(RERO)R271705460-41slsp</subfield></datafield><datafield ind1=" " ind2=" " tag="035"><subfield code="a">(EXLNZ-41SLSP_NETWORK)991085950339705501</subfield></datafield><datafield ind1=" " ind2=" " tag="040"><subfield code="a">RERO gevcjb</subfield><subfield code="d">CH-ZuSLS</subfield></datafield><datafield ind1=" " ind2="7" tag="072"><subfield code="a">bo</subfield><subfield code="2">rero</subfield></datafield><datafield ind1="0" ind2="0" tag="245"><subfield code="a">Reviews in ecology</subfield><subfield code="b">desert conservation and development : a festschrift for prof. M. Kassas on the occasion of his 75th birthday</subfield><subfield code="c">ed. Hala N. Barakat &amp; Ahmad K. Hegazy ; pref. by Mostafa K. Tolba</subfield></datafield><datafield ind1=" " ind2="1" tag="264"><subfield code="a">Cairo</subfield><subfield code="b">IDRC - CRDI</subfield><subfield code="b">UNESCO</subfield><subfield code="b">South Valley University</subfield><subfield code="c">1997</subfield></datafield><datafield ind1=" " ind2=" " tag="300"><subfield code="a">331 p.</subfield><subfield code="b">ill.</subfield><subfield code="c">25 cm</subfield></datafield><datafield ind1=" " ind2=" " tag="336"><subfield code="b">txt</subfield><subfield code="2">rdacontent</subfield></datafield><datafield ind1=" " ind2=" " tag="337"><subfield code="b">n</subfield><subfield code="2">rdamedia</subfield></datafield><datafield ind1=" " ind2=" " tag="338"><subfield code="b">nc</subfield><subfield code="2">rdacarrier</subfield></datafield><datafield ind1=" " ind2="7" tag="650"><subfield code="a">Écologie</subfield><subfield code="0">(IDREF)027232700</subfield><subfield code="2">idref</subfield></datafield><datafield ind1=" " ind2="7" tag="650"><subfield code="a">Déserts</subfield><subfield code="0">(IDREF)027224872</subfield><subfield code="2">idref</subfield></datafield><datafield ind1=" " ind2="7" tag="655"><subfield code="a">[Études diverses]</subfield><subfield code="0">(RERO)A022249905</subfield><subfield code="2">rero</subfield></datafield><datafield ind1="1" ind2=" " tag="700"><subfield code="a">Barakat, Hala Nayel</subfield><subfield code="0">(IDREF)031409016</subfield></datafield><datafield ind1="1" ind2=" " tag="700"><subfield code="a">Kassas, Mohamed</subfield><subfield code="d">1921-2012</subfield><subfield code="0">(IDREF)053496841</subfield></datafield><datafield ind1=" " ind2=" " tag="900"><subfield code="a">REROnoselfmerge</subfield></datafield></record>
</metadata></record>