<record><header><identifier>oai:alma.41SLSP_UGE:991000769589705502</identifier><datestamp>2023-06-20T00:21:59Z</datestamp><setSpec>uge_bcen_RapidILL_BOOK</setSpec><setSpec>uge_aaca_RapidILL_BOOK</setSpec><setSpec>uge_abels_RapidILL_BOOK</setSpec><setSpec>uge_dbu_RapidILL_BOOK</setSpec><setSpec>uge_cmu_RapidILL_BOOK</setSpec><setSpec>uge_mail_RapidILL_BOOK</setSpec><setSpec>uge_abbat_RapidILL_BOOK</setSpec><setSpec>UNIGE_ALL</setSpec><setSpec>uge_aobs_RapidILL_BOOK</setSpec><setSpec>uge_acar_RapidILL_BOOK</setSpec></header><metadata>
<record xmlns="http://www.loc.gov/MARC21/slim" xmlns:xsi="http://www.w3.org/2001/XMLSchema-instance" xsi:schemaLocation="http://www.loc.gov/MARC21/slim http://www.loc.gov/standards/marcxml/schema/MARC21slim.xsd"><leader>02746nam a2200577 c 4500</leader><controlfield tag="001">991000769589705502</controlfield><controlfield tag="005">20230619204008.0</controlfield><controlfield tag="008">201011s2016    it ||||| |||| 00| ||ita d</controlfield><datafield ind1=" " ind2=" " tag="010"><subfield code="a">2016406042</subfield></datafield><datafield ind1=" " ind2=" " tag="020"><subfield code="a">8868570688</subfield></datafield><datafield ind1=" " ind2=" " tag="020"><subfield code="a">9788868570682</subfield></datafield><datafield ind1=" " ind2=" " tag="035"><subfield code="a">(swissbib)224104721-41slsp_network</subfield></datafield><datafield ind1=" " ind2=" " tag="035"><subfield code="a">224104721</subfield><subfield code="9">ExL</subfield></datafield><datafield ind1=" " ind2=" " tag="035"><subfield code="a">(RERO)R008499655-41slsp</subfield></datafield><datafield ind1=" " ind2=" " tag="035"><subfield code="a">(NEBIS)010685605EBI01</subfield></datafield><datafield ind1=" " ind2=" " tag="035"><subfield code="a">(IDSBB)006784460DSV01</subfield></datafield><datafield ind1=" " ind2=" " tag="035"><subfield code="a">(OCoLC)953450270</subfield></datafield><datafield ind1=" " ind2=" " tag="035"><subfield code="a">(OCoLC)957698592</subfield></datafield><datafield ind1=" " ind2=" " tag="035"><subfield code="a">(EXLNZ-41SLSP_NETWORK)991059490749705501</subfield></datafield><datafield ind1=" " ind2=" " tag="040"><subfield code="a">ItFiC</subfield><subfield code="b">eng</subfield><subfield code="e">rda</subfield><subfield code="d">CH-ZuSLS</subfield></datafield><datafield ind1=" " ind2=" " tag="042"><subfield code="a">lccopycat</subfield></datafield><datafield ind1=" " ind2="0" tag="050"><subfield code="a">PQ4715</subfield><subfield code="b">.A6372 2016</subfield></datafield><datafield ind1=" " ind2="7" tag="072"><subfield code="a">it</subfield><subfield code="2">rero</subfield></datafield><datafield ind1="1" ind2="4" tag="082"><subfield code="a">852</subfield><subfield code="2">14</subfield></datafield><datafield ind1=" " ind2=" " tag="084"><subfield code="a">IV 2205</subfield><subfield code="2">rvk</subfield></datafield><datafield ind1="1" ind2=" " tag="100"><subfield code="a">Annoni, Carlo</subfield><subfield code="0">(IDREF)029661366</subfield><subfield code="4">cre</subfield></datafield><datafield ind1="1" ind2="0" tag="245"><subfield code="a">&quot;Ogni speme deserta non è&quot;</subfield><subfield code="b">studi manzoniani</subfield><subfield code="c">Carlo Annoni ; a cura di Cristina Cappelletti e Ottavio Ghidini ; con una premessa di Marco Corradini, Pierantonio Frare, Giuseppe Langella</subfield></datafield><datafield ind1=" " ind2="1" tag="264"><subfield code="a">Novara</subfield><subfield code="b">Interlinea</subfield><subfield code="c">[2016]</subfield></datafield><datafield ind1=" " ind2="1" tag="264"><subfield code="a">Novara</subfield><subfield code="b">Interlinea</subfield><subfield code="c">[2016]</subfield></datafield><datafield ind1=" " ind2=" " tag="300"><subfield code="a">246 pages</subfield><subfield code="c">21 cm</subfield></datafield><datafield ind1=" " ind2=" " tag="336"><subfield code="b">txt</subfield><subfield code="2">rdacontent</subfield></datafield><datafield ind1=" " ind2=" " tag="337"><subfield code="b">n</subfield><subfield code="2">rdamedia</subfield></datafield><datafield ind1=" " ind2=" " tag="338"><subfield code="b">nc</subfield><subfield code="2">rdacarrier</subfield></datafield><datafield ind1="1" ind2=" " tag="490"><subfield code="a">Biblioteca letteraria dell'Italia unita</subfield><subfield code="v">24</subfield></datafield><datafield ind1=" " ind2=" " tag="504"><subfield code="a">Includes bibliographical references and index</subfield></datafield><datafield ind1=" " ind2=" " tag="504"><subfield code="a">Collected writings. - Includes introductory texts (pages 9-33) and appendix (pages 179-227). - Alessandro Manzoni (1785-1873). - C. Annoni (1940-2014). - Bibliography of Carlo Annoni's works: pages 229-239. - Includes bibliographical references and index</subfield></datafield><datafield ind1="0" ind2=" " tag="505"><subfield code="a">Appendice: Le cinque prove dell'esistenza di Dio ossia lascio tutto a mia figlia Beatrice.  Curriculum scientifico e attività didattica</subfield></datafield><datafield ind1="1" ind2="0" tag="600"><subfield code="a">Manzoni, Alessandro</subfield><subfield code="d">1785-1873</subfield><subfield code="x">Criticism and interpretation</subfield></datafield><datafield ind1="1" ind2="7" tag="600"><subfield code="a">Manzoni, Alessandro</subfield><subfield code="d">1785-1873</subfield><subfield code="0">(IDREF)027006956</subfield><subfield code="2">idref</subfield></datafield><datafield ind1="1" ind2="7" tag="600"><subfield code="a">Manzoni, Alessandro</subfield><subfield code="d">1785-1873</subfield><subfield code="0">(DE-588)118577409</subfield><subfield code="2">gnd</subfield></datafield><datafield ind1="1" ind2="7" tag="600"><subfield code="a">Manzoni, Alessandro</subfield><subfield code="d">1785-1873</subfield><subfield code="2">fast</subfield></datafield><datafield ind1=" " ind2="7" tag="650"><subfield code="a">Morale chrétienne</subfield><subfield code="0">(IDREF)027268322</subfield><subfield code="2">idref</subfield></datafield><datafield ind1=" " ind2="7" tag="650"><subfield code="a">Dramaturgie</subfield><subfield code="0">(IDREF)028630114</subfield><subfield code="2">idref</subfield></datafield><datafield ind1=" " ind2="7" tag="650"><subfield code="a">Guerre</subfield><subfield code="0">(IDREF)027267709</subfield><subfield code="2">idref</subfield></datafield><datafield ind1=" " ind2="7" tag="655"><subfield code="a">Criticism, interpretation, etc</subfield><subfield code="2">fast</subfield></datafield><datafield ind1="1" ind2=" " tag="700"><subfield code="a">Ghidini, Ottavio</subfield><subfield code="0">(IDREF)196556732</subfield></datafield><datafield ind1="1" ind2=" " tag="700"><subfield code="a">Cappelletti, Cristina</subfield><subfield code="d">1977-</subfield><subfield code="0">(DE-588)1123234345</subfield><subfield code="4">edt</subfield><subfield code="6">880-03</subfield></datafield><datafield ind1="1" ind2=" " tag="880"><subfield code="6">700-03</subfield><subfield code="a">Cappelletti, Cristina</subfield><subfield code="d">19..-....</subfield><subfield code="0">(IDREF)155037277</subfield></datafield><datafield ind1="4" ind2=" " tag="856"><subfield code="3">Titelblatt und Inhaltsverzeichnis</subfield><subfield code="u">https://toc.library.ethz.ch/objects/pdf03/z01_978-88-6857-068-2_01.pdf</subfield><subfield code="q">pdf</subfield></datafield><datafield ind1=" " ind2="0" tag="830"><subfield code="a">Biblioteca letteraria dell'Italia unita</subfield><subfield code="v">24</subfield><subfield code="w">(NEBIS)004511691EBI01</subfield></datafield><datafield ind1=" " ind2=" " tag="900"><subfield code="a">IDSZ2zbzmon201607f</subfield><subfield code="c">IDSZ2meyc</subfield><subfield code="d">IDSZ2zbzswk201705g</subfield><subfield code="e">IDSZ2kara</subfield></datafield><datafield ind1=" " ind2=" " tag="949"><subfield code="a">https://toc.library.ethz.ch/objects/pdf03/z01_978-88-6857-068-2_01.pdf</subfield></datafield><datafield ind1=" " ind2=" " tag="993"><subfield code="a">BFLA 273177</subfield><subfield code="x">ge/ulit/a/16/489</subfield><subfield code="9">LOCAL</subfield></datafield></record>
</metadata></record>