<record><header><identifier>oai:alma.41SLSP_UGE:991000769379705502</identifier><datestamp>2024-11-15T01:10:14Z</datestamp><setSpec>uge_bcen_RapidILL_BOOK</setSpec><setSpec>uge_aaca_RapidILL_BOOK</setSpec><setSpec>uge_abels_RapidILL_BOOK</setSpec><setSpec>uge_dbu_RapidILL_BOOK</setSpec><setSpec>uge_cmu_RapidILL_BOOK</setSpec><setSpec>uge_mail_RapidILL_BOOK</setSpec><setSpec>uge_abbat_RapidILL_BOOK</setSpec><setSpec>UNIGE_ALL</setSpec><setSpec>uge_acar_RapidILL_BOOK</setSpec><setSpec>uge_aobs_RapidILL_BOOK</setSpec></header><metadata>
<record xmlns="http://www.loc.gov/MARC21/slim" xmlns:xsi="http://www.w3.org/2001/XMLSchema-instance" xsi:schemaLocation="http://www.loc.gov/MARC21/slim http://www.loc.gov/standards/marcxml/schema/MARC21slim.xsd"><leader>02658nam a22006617c 4500</leader><controlfield tag="001">991000769379705502</controlfield><controlfield tag="005">20241115012148.0</controlfield><controlfield tag="008">201011s2008    it ||||| |||| 00| ||ita d</controlfield><datafield ind1=" " ind2=" " tag="020"><subfield code="a">9788871403359</subfield></datafield><datafield ind1=" " ind2=" " tag="020"><subfield code="z">9788871403355</subfield><subfield code="c">62.00 EUR</subfield></datafield><datafield ind1="7" ind2=" " tag="024"><subfield code="a">http://catalogue.bnf.fr/ark:/12148/cb41360335v</subfield><subfield code="2">uri</subfield></datafield><datafield ind1=" " ind2=" " tag="035"><subfield code="a">(swissbib)225026163-41slsp_network</subfield></datafield><datafield ind1=" " ind2=" " tag="035"><subfield code="a">225026163</subfield><subfield code="9">ExL</subfield></datafield><datafield ind1=" " ind2=" " tag="035"><subfield code="a">(RERO)R005903457-41slsp</subfield></datafield><datafield ind1=" " ind2=" " tag="035"><subfield code="a">(NEBIS)005728707EBI01</subfield></datafield><datafield ind1=" " ind2=" " tag="035"><subfield code="a">(SBT)000908363SBT01</subfield></datafield><datafield ind1=" " ind2=" " tag="035"><subfield code="a">(IDSBB)004476919DSV01</subfield></datafield><datafield ind1=" " ind2=" " tag="035"><subfield code="a">(EXLNZ-41SLSP_NETWORK)991090482289705501</subfield></datafield><datafield ind1=" " ind2=" " tag="040"><subfield code="a">RERO geulsa</subfield><subfield code="d">CH-ZuSLS</subfield></datafield><datafield ind1=" " ind2=" " tag="050"><subfield code="a">NA</subfield></datafield><datafield ind1=" " ind2="7" tag="072"><subfield code="a">ar</subfield><subfield code="2">rero</subfield></datafield><datafield ind1=" " ind2="7" tag="072"><subfield code="a">at</subfield><subfield code="2">rero</subfield></datafield><datafield ind1="0" ind2="4" tag="082"><subfield code="a">728</subfield><subfield code="2">21</subfield></datafield><datafield ind1="1" ind2="4" tag="082"><subfield code="a">728</subfield><subfield code="2">21</subfield></datafield><datafield ind1="1" ind2=" " tag="100"><subfield code="a">Chiappetta, Federica</subfield><subfield code="d">1976-....</subfield><subfield code="0">(IDREF)125121229</subfield><subfield code="4">cre</subfield></datafield><datafield ind1="1" ind2="0" tag="245"><subfield code="a">&lt;&lt;I&gt;&gt; percorsi antichi di Villa Adriana</subfield><subfield code="c">Federica Chiappetta ; prefazione di Eugenia Salza Prina Ricotti ; introduzione di Elisabetta Pallottino</subfield></datafield><datafield ind1=" " ind2="1" tag="264"><subfield code="a">Roma</subfield><subfield code="b">Ed. Quasar</subfield><subfield code="c">2008</subfield></datafield><datafield ind1=" " ind2=" " tag="300"><subfield code="a">307 p.</subfield><subfield code="b">ill.</subfield><subfield code="c">30 cm</subfield><subfield code="e">1 plan dépl.</subfield></datafield><datafield ind1=" " ind2=" " tag="336"><subfield code="b">txt</subfield><subfield code="2">rdacontent</subfield></datafield><datafield ind1=" " ind2=" " tag="337"><subfield code="b">n</subfield><subfield code="2">rdamedia</subfield></datafield><datafield ind1=" " ind2=" " tag="338"><subfield code="b">nc</subfield><subfield code="2">rdacarrier</subfield></datafield><datafield ind1=" " ind2=" " tag="500"><subfield code="a">Thesis</subfield></datafield><datafield ind1=" " ind2=" " tag="500"><subfield code="a">Incl. plans</subfield></datafield><datafield ind1=" " ind2=" " tag="500"><subfield code="a">Villa Adriana, Tivoli, near Rome</subfield></datafield><datafield ind1=" " ind2=" " tag="504"><subfield code="a">Includes bibliographical references</subfield></datafield><datafield ind1=" " ind2=" " tag="504"><subfield code="a">Bibliografia: p. 300-[306]</subfield></datafield><datafield ind1="0" ind2="0" tag="600"><subfield code="a">Hadrian</subfield><subfield code="c">Emperor of Rome</subfield><subfield code="d">76-138</subfield><subfield code="x">Homes and haunts</subfield><subfield code="z">Italy</subfield><subfield code="z">Tivoli</subfield></datafield><datafield ind1="2" ind2="0" tag="610"><subfield code="a">Hadrian's Villa (Tivoli, Italy)</subfield></datafield><datafield ind1=" " ind2="7" tag="650"><subfield code="a">Villas romaines</subfield><subfield code="0">(IDREF)027334236</subfield><subfield code="2">idref</subfield></datafield><datafield ind1=" " ind2="0" tag="650"><subfield code="a">Architecture, Roman</subfield><subfield code="z">Italy</subfield><subfield code="z">Tivoli</subfield><subfield code="v">Designs and plans</subfield></datafield><datafield ind1=" " ind2="7" tag="650"><subfield code="a">Villa Adriana (Tivoli)</subfield><subfield code="2">sbt12</subfield></datafield><datafield ind1=" " ind2="7" tag="651"><subfield code="a">Tivoli (Italie)</subfield><subfield code="x">Villa Adriana</subfield><subfield code="0">(IDREF)027547892</subfield><subfield code="2">idref</subfield></datafield><datafield ind1=" " ind2="7" tag="651"><subfield code="a">Tivoli (Latium, Italien); Hadriansvilla</subfield><subfield code="2">idszbz</subfield></datafield><datafield ind1=" " ind2="7" tag="651"><subfield code="a">Hadriansvilla</subfield><subfield code="g">Tivoli</subfield><subfield code="0">(DE-588)4094403-7</subfield><subfield code="2">gnd</subfield></datafield><datafield ind1=" " ind2="0" tag="651"><subfield code="a">Tivoli (Italy)</subfield><subfield code="x">Buildings, structures, etc</subfield></datafield><datafield ind1=" " ind2="7" tag="655"><subfield code="a">Hochschulschrift</subfield><subfield code="2">gnd-content</subfield></datafield><datafield ind1=" " ind2=" " tag="690"><subfield code="a">Architektur. römisch. Palastanlage</subfield><subfield code="2">ubs-AA</subfield></datafield><datafield ind1=" " ind2=" " tag="690"><subfield code="a">Hadrian</subfield><subfield code="2">ubs-AA</subfield></datafield><datafield ind1=" " ind2=" " tag="691"><subfield code="e">720.032.7</subfield><subfield code="2">usi-TM</subfield></datafield><datafield ind1="1" ind2=" " tag="700"><subfield code="a">Foti, Giacomo</subfield></datafield><datafield ind1="1" ind2=" " tag="700"><subfield code="a">Salza Prina Ricotti, Eugenia</subfield><subfield code="c">historienne</subfield><subfield code="0">(IDREF)03289225X</subfield></datafield><datafield ind1="1" ind2=" " tag="700"><subfield code="a">Pallottino, Elisabetta</subfield><subfield code="0">(IDREF)125121474</subfield></datafield><datafield ind1=" " ind2="0" tag="830"><subfield code="a">Bibliotheca archaeologica</subfield><subfield code="p">L'Erma di Bretschneider</subfield><subfield code="v">29</subfield><subfield code="w">(RERO)0281972-41slsp</subfield></datafield><datafield ind1="4" ind2=" " tag="856"><subfield code="3">Titelblatt und Inhaltsverzeichnis</subfield><subfield code="u">https://toc.library.ethz.ch/objects/pdf/z01_978-88-7140-335-5_01.pdf</subfield><subfield code="q">pdf</subfield></datafield><datafield ind1=" " ind2=" " tag="900"><subfield code="a">REROnoselfmerge</subfield></datafield><datafield ind1=" " ind2=" " tag="900"><subfield code="a">IDSZ2zbzmon200903f</subfield><subfield code="c">IDSZ2hilb</subfield><subfield code="d">IDSZ2zbzswk200905b</subfield><subfield code="e">IDSZ2haag</subfield></datafield><datafield ind1=" " ind2=" " tag="900"><subfield code="f">IDSU2medea</subfield></datafield><datafield ind1=" " ind2=" " tag="911"><subfield code="a">100</subfield><subfield code="a">Chiappetta, Federica</subfield><subfield code="d">1976-</subfield></datafield><datafield ind1=" " ind2=" " tag="949"><subfield code="a">https://toc.library.ethz.ch/objects/pdf/z01_978-88-7140-335-5_01.pdf</subfield></datafield></record>
</metadata></record>