<record><header><identifier>oai:alma.41SLSP_UGE:991000778489705502</identifier><datestamp>2023-05-23T00:12:35Z</datestamp><setSpec>uge_bcen_RapidILL_BOOK</setSpec><setSpec>uge_aaca_RapidILL_BOOK</setSpec><setSpec>uge_abels_RapidILL_BOOK</setSpec><setSpec>uge_dbu_RapidILL_BOOK</setSpec><setSpec>uge_cmu_RapidILL_BOOK</setSpec><setSpec>uge_mail_RapidILL_BOOK</setSpec><setSpec>uge_abbat_RapidILL_BOOK</setSpec><setSpec>UNIGE_ALL</setSpec><setSpec>uge_aobs_RapidILL_BOOK</setSpec><setSpec>uge_acar_RapidILL_BOOK</setSpec></header><metadata>
<record xmlns="http://www.loc.gov/MARC21/slim" xmlns:xsi="http://www.w3.org/2001/XMLSchema-instance" xsi:schemaLocation="http://www.loc.gov/MARC21/slim http://www.loc.gov/standards/marcxml/schema/MARC21slim.xsd"><leader>03979nam a2200769 c 4500</leader><controlfield tag="001">991000778489705502</controlfield><controlfield tag="005">20230516184828.0</controlfield><controlfield tag="007">ta</controlfield><controlfield tag="008">201011s2014    enk      b||| 001 0 eng|d</controlfield><datafield ind1=" " ind2=" " tag="010"><subfield code="a">2015462513</subfield></datafield><datafield ind1=" " ind2=" " tag="015"><subfield code="a">GBB5D7657</subfield><subfield code="2">bnb</subfield></datafield><datafield ind1=" " ind2=" " tag="020"><subfield code="a">9781844655700</subfield><subfield code="q">hardcover</subfield></datafield><datafield ind1=" " ind2=" " tag="020"><subfield code="a">1844655709</subfield></datafield><datafield ind1="7" ind2=" " tag="024"><subfield code="a">http://catalogue.bnf.fr/ark:/12148/cb44388746c</subfield><subfield code="2">uri</subfield></datafield><datafield ind1=" " ind2=" " tag="035"><subfield code="a">(swissbib)21232330X-41slsp_network</subfield></datafield><datafield ind1=" " ind2=" " tag="035"><subfield code="a">21232330X</subfield><subfield code="9">ExL</subfield></datafield><datafield ind1=" " ind2=" " tag="035"><subfield code="a">(NEBIS)010577503EBI01</subfield></datafield><datafield ind1=" " ind2=" " tag="035"><subfield code="a">(RERO)R007310376-41slsp</subfield></datafield><datafield ind1=" " ind2=" " tag="035"><subfield code="a">(OCoLC)880367744</subfield></datafield><datafield ind1=" " ind2=" " tag="035"><subfield code="a">(EXLNZ-41SLSP_NETWORK)991024006339705501</subfield></datafield><datafield ind1=" " ind2=" " tag="040"><subfield code="a">YDXCP</subfield><subfield code="b">ger</subfield><subfield code="e">rda</subfield><subfield code="d">CH-ZuSLS</subfield></datafield><datafield ind1="1" ind2=" " tag="041"><subfield code="a">eng</subfield><subfield code="h">ger</subfield></datafield><datafield ind1=" " ind2=" " tag="043"><subfield code="a">e-gr---</subfield></datafield><datafield ind1=" " ind2="4" tag="050"><subfield code="a">BL795.P57</subfield><subfield code="b">R8313 2014</subfield></datafield><datafield ind1=" " ind2="4" tag="050"><subfield code="a">D51-95</subfield></datafield><datafield ind1=" " ind2="7" tag="072"><subfield code="a">ha</subfield><subfield code="2">rero</subfield></datafield><datafield ind1="1" ind2=" " tag="080"><subfield code="a">938.05</subfield></datafield><datafield ind1="0" ind2="4" tag="082"><subfield code="a">322/.10938</subfield><subfield code="2">23</subfield></datafield><datafield ind1="0" ind2="4" tag="082"><subfield code="a">930</subfield></datafield><datafield ind1="1" ind2="4" tag="082"><subfield code="a">290</subfield><subfield code="2">15</subfield></datafield><datafield ind1="1" ind2="4" tag="082"><subfield code="a">930</subfield><subfield code="2">15</subfield></datafield><datafield ind1="1" ind2=" " tag="100"><subfield code="a">Rubel, Alexander</subfield><subfield code="d">1969-</subfield><subfield code="0">(DE-588)122685393</subfield><subfield code="e">Verfasser</subfield><subfield code="4">aut</subfield><subfield code="6">880-01</subfield></datafield><datafield ind1="1" ind2=" " tag="880"><subfield code="6">100-01</subfield><subfield code="a">Rubel, Alexander</subfield><subfield code="d">1969-....</subfield><subfield code="0">(IDREF)12478738X</subfield><subfield code="4">cre</subfield></datafield><datafield ind1="1" ind2="0" tag="240"><subfield code="a">Stadt in Angst</subfield></datafield><datafield ind1="1" ind2="0" tag="245"><subfield code="a">Fear and loathing in ancient Athens</subfield><subfield code="b">religion and politics during the Peloponnesian war</subfield><subfield code="c">Alexander Rubel</subfield></datafield><datafield ind1=" " ind2=" " tag="250"><subfield code="a">First english edition</subfield></datafield><datafield ind1=" " ind2="1" tag="264"><subfield code="a">Durham, UK</subfield><subfield code="b">Acumen</subfield><subfield code="c">[2014]</subfield></datafield><datafield ind1=" " ind2=" " tag="300"><subfield code="a">x, 316 Seiten</subfield></datafield><datafield ind1=" " ind2=" " tag="336"><subfield code="b">txt</subfield><subfield code="2">rdacontent</subfield></datafield><datafield ind1=" " ind2=" " tag="337"><subfield code="b">n</subfield><subfield code="2">rdamedia</subfield></datafield><datafield ind1=" " ind2=" " tag="338"><subfield code="b">nc</subfield><subfield code="2">rdacarrier</subfield></datafield><datafield ind1=" " ind2=" " tag="500"><subfield code="a">Traduit de: Stadt der Angst : Religion und Politik in Athen während des Peloponnesischen Krieges</subfield></datafield><datafield ind1=" " ind2=" " tag="504"><subfield code="a">Includes bibliographical references (pages 261-302) and index</subfield></datafield><datafield ind1="8" ind2=" " tag="520"><subfield code="a">Athens at the time of the Peloponnesian war was the arena for a dramatic battle between politics and religion in the hearts and minds of the people. 'Fear and loathing in ancient athens', originally published in German but now available for the first time in an expanded and revised English edition, sheds new light on this dramatic period of history and offers a new approach to the study of Greek religion. The book explores an extraordinary range of events and topics: impiety charges and prosecutions ; the horrors of the plague ; the mutilation of hermai and the profanation of the mysteries ; the controversy created by the adoption of new gods ; the impressive architectural structures of the sculptor Phidias ; the military conflicts of the Peloponnesian war ; and the thoughts of the mysterious philosopher Socrates. 'Fear and Loathing in Ancient Athens' will be an indispensible study for students and scholars studying Athenian religion and politics</subfield></datafield><datafield ind1="2" ind2="7" tag="611"><subfield code="a">Peloponnesian War (Greece : 431-404 B.C.)</subfield><subfield code="2">fast</subfield></datafield><datafield ind1=" " ind2="7" tag="648"><subfield code="a">To 1500</subfield><subfield code="2">fast</subfield></datafield><datafield ind1=" " ind2="7" tag="650"><subfield code="a">Peloponnesischer Krieg</subfield><subfield code="0">(DE-588)4045067-3</subfield><subfield code="2">gnd</subfield></datafield><datafield ind1=" " ind2="7" tag="650"><subfield code="a">Religion</subfield><subfield code="0">(DE-588)4049396-9</subfield><subfield code="2">gnd</subfield></datafield><datafield ind1=" " ind2="7" tag="650"><subfield code="a">Politik</subfield><subfield code="0">(DE-588)4046514-7</subfield><subfield code="2">gnd</subfield></datafield><datafield ind1=" " ind2="0" tag="650"><subfield code="a">Religion and politics</subfield><subfield code="z">Greece</subfield><subfield code="z">Athens</subfield><subfield code="x">History</subfield><subfield code="y">To 1500</subfield></datafield><datafield ind1=" " ind2="0" tag="650"><subfield code="a">Political science</subfield><subfield code="z">Greece</subfield><subfield code="z">Athens</subfield><subfield code="x">Philosophy</subfield><subfield code="x">History</subfield><subfield code="y">To 1500</subfield></datafield><datafield ind1=" " ind2="7" tag="650"><subfield code="a">Politics and government</subfield><subfield code="2">fast</subfield></datafield><datafield ind1=" " ind2="7" tag="650"><subfield code="a">Political science</subfield><subfield code="x">Philosophy</subfield><subfield code="2">fast</subfield></datafield><datafield ind1=" " ind2="7" tag="650"><subfield code="a">Religion and politics</subfield><subfield code="2">fast</subfield></datafield><datafield ind1=" " ind2="7" tag="650"><subfield code="a">Religion grecque</subfield><subfield code="0">(IDREF)027636933</subfield><subfield code="2">idref</subfield></datafield><datafield ind1=" " ind2="7" tag="650"><subfield code="a">Pratiques politiques</subfield><subfield code="0">(IDREF)027266079</subfield><subfield code="2">idref</subfield></datafield><datafield ind1=" " ind2="7" tag="650"><subfield code="a">Vie religieuse</subfield><subfield code="0">(IDREF)027612708</subfield><subfield code="2">idref</subfield></datafield><datafield ind1=" " ind2="7" tag="651"><subfield code="a">Athen</subfield><subfield code="0">(DE-588)4003366-1</subfield><subfield code="2">gnd</subfield></datafield><datafield ind1=" " ind2="0" tag="651"><subfield code="a">Athens (Greece)</subfield><subfield code="x">Politics and government</subfield><subfield code="y">To 1500</subfield></datafield><datafield ind1=" " ind2="0" tag="651"><subfield code="a">Greece</subfield><subfield code="x">History</subfield><subfield code="y">Peloponnesian War, 431-404 B.C</subfield></datafield><datafield ind1=" " ind2="7" tag="651"><subfield code="a">Greece</subfield><subfield code="2">fast</subfield></datafield><datafield ind1=" " ind2="7" tag="651"><subfield code="a">Greece</subfield><subfield code="z">Athens</subfield><subfield code="2">fast</subfield></datafield><datafield ind1=" " ind2="7" tag="651"><subfield code="a">Athènes (Grèce)</subfield><subfield code="0">(IDREF)027290530</subfield><subfield code="2">idref</subfield></datafield><datafield ind1=" " ind2="7" tag="655"><subfield code="a">History</subfield><subfield code="2">fast</subfield></datafield><datafield ind1=" " ind2="7" tag="651"><subfield code="a">Grèce</subfield><subfield code="y">431-404 av. J.-C. (Guerre du Péloponnèse)</subfield><subfield code="0">(IDREF)02738215X</subfield><subfield code="2">idref</subfield></datafield><datafield ind1="4" ind2=" " tag="856"><subfield code="3">Titelblatt und Inhaltsverzeichnis</subfield><subfield code="u">https://toc.library.ethz.ch/objects/pdf03/z01_978-1-84465-570-0_01.pdf</subfield><subfield code="q">pdf</subfield></datafield><datafield ind1=" " ind2=" " tag="900"><subfield code="a">IDSZ2zbzmon201606f</subfield><subfield code="c">IDSZ2maer</subfield><subfield code="d">IDSZ2zbzswk201607b</subfield><subfield code="e">IDSZ2schu</subfield></datafield><datafield ind1=" " ind2=" " tag="949"><subfield code="a">https://toc.library.ethz.ch/objects/pdf03/z01_978-1-84465-570-0_01.pdf</subfield></datafield></record>
</metadata></record>