<record><header><identifier>oai:alma.41SLSP_UGE:991000768859705502</identifier><datestamp>2024-01-01T01:16:57Z</datestamp><setSpec>uge_bcen_RapidILL_BOOK</setSpec><setSpec>uge_aaca_RapidILL_BOOK</setSpec><setSpec>uge_abels_RapidILL_BOOK</setSpec><setSpec>uge_dbu_RapidILL_BOOK</setSpec><setSpec>uge_cmu_RapidILL_BOOK</setSpec><setSpec>uge_mail_RapidILL_BOOK</setSpec><setSpec>uge_abbat_RapidILL_BOOK</setSpec><setSpec>UNIGE_ALL</setSpec><setSpec>uge_acar_RapidILL_BOOK</setSpec><setSpec>uge_aobs_RapidILL_BOOK</setSpec></header><metadata>
<record xmlns="http://www.loc.gov/MARC21/slim" xmlns:xsi="http://www.w3.org/2001/XMLSchema-instance" xsi:schemaLocation="http://www.loc.gov/MARC21/slim http://www.loc.gov/standards/marcxml/schema/MARC21slim.xsd"><leader>01901nam a2200553 c 4500</leader><controlfield tag="001">991000768859705502</controlfield><controlfield tag="005">20201222212943.0</controlfield><controlfield tag="008">201011s1988    it ||||| |||| 00| ||ita d</controlfield><datafield ind1=" " ind2=" " tag="020"><subfield code="a">8870881962</subfield></datafield><datafield ind1=" " ind2=" " tag="035"><subfield code="a">(swissbib)229136958-41slsp_network</subfield></datafield><datafield ind1=" " ind2=" " tag="035"><subfield code="a">229136958</subfield><subfield code="9">ExL</subfield></datafield><datafield ind1=" " ind2=" " tag="035"><subfield code="a">(RERO)1237183-41slsp</subfield></datafield><datafield ind1=" " ind2=" " tag="035"><subfield code="a">(IDSBB)000668375DSV01</subfield></datafield><datafield ind1=" " ind2=" " tag="035"><subfield code="a">(NEBIS)001137504EBI01</subfield></datafield><datafield ind1=" " ind2=" " tag="035"><subfield code="a">(EXLNZ-41SLSP_NETWORK)991048518329705501</subfield></datafield><datafield ind1=" " ind2=" " tag="040"><subfield code="a">RERO labcud</subfield><subfield code="d">CH-ZuSLS</subfield></datafield><datafield ind1="1" ind2=" " tag="041"><subfield code="a">ita</subfield><subfield code="h">grc</subfield></datafield><datafield ind1=" " ind2="7" tag="072"><subfield code="a">gr</subfield><subfield code="2">rero</subfield></datafield><datafield ind1=" " ind2="7" tag="072"><subfield code="a">kp</subfield><subfield code="2">SzZuIDS BS/BE</subfield></datafield><datafield ind1="1" ind2=" " tag="080"><subfield code="a">875CARN7Phi</subfield></datafield><datafield ind1="0" ind2="4" tag="082"><subfield code="a">187</subfield></datafield><datafield ind1="0" ind2="4" tag="082"><subfield code="a">880</subfield></datafield><datafield ind1="0" ind2="4" tag="082"><subfield code="a">884 (CARN) P202 CAPA</subfield></datafield><datafield ind1=" " ind2=" " tag="084"><subfield code="a">FH 37050</subfield><subfield code="2">rvk</subfield></datafield><datafield ind1="0" ind2=" " tag="100"><subfield code="a">Carneiscus</subfield><subfield code="c">Philosophus</subfield><subfield code="d">ca. v300</subfield><subfield code="0">(DE-588)102384126</subfield><subfield code="6">880-01</subfield></datafield><datafield ind1="0" ind2=" " tag="880"><subfield code="a">Carneiscus</subfield><subfield code="0">(RERO)A000029055</subfield><subfield code="4">cre</subfield><subfield code="6">100-01</subfield></datafield><datafield ind1="1" ind2="0" tag="240"><subfield code="a">Philistas</subfield><subfield code="p">Lib. 2</subfield></datafield><datafield ind1="1" ind2="0" tag="245"><subfield code="a">&lt;&lt;Il&gt;&gt; secondo libro del Filista</subfield><subfield code="b">(PHerc. 1027)</subfield><subfield code="c">Carneisco ; ed., trad. e commento a cura di Mario Capasso</subfield></datafield><datafield ind1="1" ind2=" " tag="246"><subfield code="a">Filista</subfield></datafield><datafield ind1="1" ind2=" " tag="246"><subfield code="a">Philistas</subfield></datafield><datafield ind1=" " ind2="1" tag="264"><subfield code="a">Napoli</subfield><subfield code="b">Bibliopolis</subfield><subfield code="c">1988</subfield></datafield><datafield ind1=" " ind2=" " tag="300"><subfield code="a">301 p.</subfield><subfield code="c">24 cm</subfield></datafield><datafield ind1=" " ind2=" " tag="336"><subfield code="b">txt</subfield><subfield code="2">rdacontent</subfield></datafield><datafield ind1=" " ind2=" " tag="337"><subfield code="b">n</subfield><subfield code="2">rdamedia</subfield></datafield><datafield ind1=" " ind2=" " tag="338"><subfield code="b">nc</subfield><subfield code="2">rdacarrier</subfield></datafield><datafield ind1="1" ind2=" " tag="490"><subfield code="a">La scuola di Epicuro</subfield><subfield code="v">vol. 10</subfield></datafield><datafield ind1=" " ind2=" " tag="500"><subfield code="a">Titre conventionnel: Philistas.</subfield></datafield><datafield ind1=" " ind2=" " tag="500"><subfield code="a">Lat. Zitiertitel: Philistas</subfield></datafield><datafield ind1=" " ind2=" " tag="500"><subfield code="a">Griech. Text mit ital. Übers. und ital. Kommentar</subfield></datafield><datafield ind1=" " ind2=" " tag="504"><subfield code="a">Literaturverzeichnis</subfield></datafield><datafield ind1="0" ind2="7" tag="600"><subfield code="a">Carneiscus</subfield><subfield code="c">Philosophus</subfield><subfield code="d">v300</subfield><subfield code="t">Philistas 2</subfield><subfield code="0">(DE-588)4698774-5</subfield><subfield code="2">gnd</subfield></datafield><datafield ind1=" " ind2="7" tag="650"><subfield code="a">Epikureer</subfield><subfield code="2">idszbz</subfield></datafield><datafield ind1=" " ind2="7" tag="650"><subfield code="a">Freundschaft</subfield><subfield code="2">idszbz</subfield></datafield><datafield ind1=" " ind2="0" tag="650"><subfield code="a">Friendship</subfield><subfield code="v">Early works to 1800</subfield></datafield><datafield ind1="1" ind2=" " tag="700"><subfield code="a">Capasso, Mario</subfield><subfield code="d">1951-2023</subfield><subfield code="0">(DE-588)136626548</subfield><subfield code="6">880-02</subfield></datafield><datafield ind1="1" ind2=" " tag="880"><subfield code="6">700-02</subfield><subfield code="a">Capasso, Mario</subfield><subfield code="d">1951-....</subfield><subfield code="0">(IDREF)028454030</subfield></datafield><datafield ind1=" " ind2=" " tag="830"><subfield code="a">&lt;&lt;La&gt;&gt; scuola di Epicuro</subfield><subfield code="v">10</subfield><subfield code="w">(IDSBB)000668357DSV01</subfield></datafield><datafield ind1=" " ind2=" " tag="830"><subfield code="a">&lt;&lt;La&gt;&gt; Scuola di Epicuro</subfield><subfield code="v">10</subfield><subfield code="w">(NEBIS)000973115EBI01</subfield></datafield><datafield ind1=" " ind2=" " tag="900"><subfield code="a">REROnoselfmerge</subfield></datafield><datafield ind1=" " ind2=" " tag="900"><subfield code="f">IDSU2medea</subfield></datafield></record>
</metadata></record><record><header status="deleted"><identifier>oai:alma.41SLSP_UGE:991000777969705502</identifier><datestamp>2023-06-15T00:11:15Z</datestamp><setSpec>uge_bcen_RapidILL_BOOK</setSpec><setSpec>uge_aaca_RapidILL_BOOK</setSpec><setSpec>uge_abels_RapidILL_BOOK</setSpec><setSpec>uge_dbu_RapidILL_BOOK</setSpec><setSpec>uge_cmu_RapidILL_BOOK</setSpec><setSpec>uge_mail_RapidILL_BOOK</setSpec><setSpec>uge_abbat_RapidILL_BOOK</setSpec><setSpec>UNIGE_ALL</setSpec><setSpec>uge_aobs_RapidILL_BOOK</setSpec><setSpec>uge_acar_RapidILL_BOOK</setSpec></header></record>