<record><header><identifier>oai:alma.41SLSP_UGE:991000768649705502</identifier><datestamp>2023-03-01T01:09:43Z</datestamp><setSpec>uge_bcen_RapidILL_BOOK</setSpec><setSpec>uge_aaca_RapidILL_BOOK</setSpec><setSpec>uge_abels_RapidILL_BOOK</setSpec><setSpec>uge_dbu_RapidILL_BOOK</setSpec><setSpec>uge_cmu_RapidILL_BOOK</setSpec><setSpec>uge_mail_RapidILL_BOOK</setSpec><setSpec>UNIGE_ALL</setSpec><setSpec>uge_abbat_RapidILL_BOOK</setSpec><setSpec>uge_aobs_RapidILL_BOOK</setSpec><setSpec>uge_acar_RapidILL_BOOK</setSpec></header><metadata>
<record xmlns="http://www.loc.gov/MARC21/slim" xmlns:xsi="http://www.w3.org/2001/XMLSchema-instance" xsi:schemaLocation="http://www.loc.gov/MARC21/slim http://www.loc.gov/standards/marcxml/schema/MARC21slim.xsd"><leader>03186nam a2200781 c 4500</leader><controlfield tag="001">991000768649705502</controlfield><controlfield tag="005">20230203201056.0</controlfield><controlfield tag="008">201011s1994    gw ||||| |||| 00| ||ger d</controlfield><datafield ind1=" " ind2=" " tag="020"><subfield code="a">3515064885</subfield></datafield><datafield ind1=" " ind2=" " tag="035"><subfield code="a">(swissbib)222713895-41slsp_network</subfield></datafield><datafield ind1=" " ind2=" " tag="035"><subfield code="a">222713895</subfield><subfield code="9">ExL</subfield></datafield><datafield ind1=" " ind2=" " tag="035"><subfield code="a">(RERO)1893446-41slsp</subfield></datafield><datafield ind1=" " ind2=" " tag="035"><subfield code="a">(IDSBB)001012712DSV01</subfield></datafield><datafield ind1=" " ind2=" " tag="035"><subfield code="a">(NEBIS)001372794EBI01</subfield></datafield><datafield ind1=" " ind2=" " tag="035"><subfield code="a">(IDSSG)000079580HSB01</subfield></datafield><datafield ind1=" " ind2=" " tag="035"><subfield code="a">(EXLNZ-41SLSP_NETWORK)991024191529705501</subfield></datafield><datafield ind1=" " ind2=" " tag="040"><subfield code="a">RERO gevbpu</subfield><subfield code="d">CH-ZuSLS</subfield></datafield><datafield ind1=" " ind2="7" tag="072"><subfield code="a">se</subfield><subfield code="2">rero</subfield></datafield><datafield ind1=" " ind2="7" tag="072"><subfield code="a">sp</subfield><subfield code="2">rero</subfield></datafield><datafield ind1=" " ind2="7" tag="072"><subfield code="a">vw</subfield><subfield code="2">SzZuIDS BS/BE</subfield></datafield><datafield ind1=" " ind2="7" tag="072"><subfield code="a">te</subfield><subfield code="2">SzZuIDS BS/BE</subfield></datafield><datafield ind1="0" ind2="4" tag="082"><subfield code="a">380</subfield></datafield><datafield ind1="1" ind2="4" tag="082"><subfield code="a">330</subfield><subfield code="2">15</subfield></datafield><datafield ind1=" " ind2=" " tag="084"><subfield code="a">NW 3250</subfield><subfield code="2">rvk</subfield></datafield><datafield ind1=" " ind2=" " tag="084"><subfield code="a">QR 800</subfield><subfield code="2">rvk</subfield></datafield><datafield ind1=" " ind2=" " tag="084"><subfield code="a">QR 810</subfield><subfield code="2">rvk</subfield></datafield><datafield ind1=" " ind2=" " tag="084"><subfield code="a">RC 25765</subfield><subfield code="2">rvk</subfield></datafield><datafield ind1=" " ind2=" " tag="084"><subfield code="a">RC 55765</subfield><subfield code="2">rvk</subfield></datafield><datafield ind1="1" ind2=" " tag="100"><subfield code="a">Südbeck, Thomas</subfield><subfield code="0">(IDREF)057161534</subfield><subfield code="4">cre</subfield></datafield><datafield ind1="1" ind2="0" tag="245"><subfield code="a">Motorisierung, Verkehrsentwicklung und Verkehrspolitik in der Bundesrepublik Deutschland der 1950er Jahre</subfield><subfield code="b">Umrisse der allgemeinen Entwicklung und zwei Beispiele : Hamburg und Emsland</subfield><subfield code="c">Thomas Südbeck</subfield></datafield><datafield ind1="1" ind2="8" tag="246"><subfield code="a">Motorisierung in der [i.e. den] 50er Jahren</subfield></datafield><datafield ind1=" " ind2="1" tag="264"><subfield code="a">Stuttgart</subfield><subfield code="b">F. Steiner</subfield><subfield code="c">1994</subfield></datafield><datafield ind1=" " ind2=" " tag="300"><subfield code="a">379 S.</subfield><subfield code="b">Ill.</subfield><subfield code="c">23 cm</subfield></datafield><datafield ind1=" " ind2=" " tag="336"><subfield code="b">txt</subfield><subfield code="2">rdacontent</subfield></datafield><datafield ind1=" " ind2=" " tag="337"><subfield code="b">n</subfield><subfield code="2">rdamedia</subfield></datafield><datafield ind1=" " ind2=" " tag="338"><subfield code="b">nc</subfield><subfield code="2">rdacarrier</subfield></datafield><datafield ind1="1" ind2=" " tag="490"><subfield code="a">Vierteljahrschrift für Sozial- und Wirtschaftsgeschichte. Beihefte</subfield><subfield code="v">Nr. 113</subfield></datafield><datafield ind1=" " ind2=" " tag="502"><subfield code="a">Überarb. und gekürzte Diss. Univ. Hamburg, 1992</subfield></datafield><datafield ind1=" " ind2="7" tag="648"><subfield code="a">Geschichte 1900-2000</subfield><subfield code="2">idszbz</subfield></datafield><datafield ind1=" " ind2="7" tag="648"><subfield code="a">Geschichte 1950-1960</subfield><subfield code="2">gnd</subfield></datafield><datafield ind1=" " ind2="7" tag="650"><subfield code="a">circulation routière - réglementation</subfield><subfield code="0">(RERO)A010065285</subfield><subfield code="2">rerovoc</subfield></datafield><datafield ind1=" " ind2="7" tag="650"><subfield code="a">Politique publique</subfield><subfield code="0">(IDREF)028693264</subfield><subfield code="2">idref</subfield></datafield><datafield ind1=" " ind2="7" tag="650"><subfield code="a">1950-1960</subfield><subfield code="2">rero</subfield></datafield><datafield ind1=" " ind2="7" tag="650"><subfield code="a">Automobildichte</subfield><subfield code="z">Deutschland (BRD)</subfield><subfield code="2">idsbb</subfield></datafield><datafield ind1=" " ind2="7" tag="650"><subfield code="a">Verkehrspolitik</subfield><subfield code="z">Deutschland (BRD)</subfield><subfield code="2">idsbb</subfield></datafield><datafield ind1=" " ind2="7" tag="650"><subfield code="a">Verkehr</subfield><subfield code="2">idszbz</subfield></datafield><datafield ind1=" " ind2="0" tag="650"><subfield code="a">Automobiles</subfield><subfield code="x">Law and legislation</subfield><subfield code="z">Germany</subfield></datafield><datafield ind1=" " ind2="0" tag="650"><subfield code="a">Automobiles</subfield><subfield code="x">Social aspects</subfield><subfield code="z">Germany</subfield></datafield><datafield ind1=" " ind2="0" tag="650"><subfield code="a">Traffic engineering</subfield><subfield code="z">Germany</subfield></datafield><datafield ind1=" " ind2="0" tag="650"><subfield code="a">Transportation, Automotive</subfield><subfield code="z">Germany</subfield></datafield><datafield ind1=" " ind2="7" tag="650"><subfield code="a">Motorisierung</subfield><subfield code="0">(DE-588)4205974-4</subfield><subfield code="2">gnd</subfield></datafield><datafield ind1=" " ind2="7" tag="650"><subfield code="a">Verkehrspolitik</subfield><subfield code="0">(DE-588)4062955-7</subfield><subfield code="2">gnd</subfield></datafield><datafield ind1=" " ind2="7" tag="651"><subfield code="a">Allemagne (République fédérale)</subfield><subfield code="0">(IDREF)027259234</subfield><subfield code="2">idref</subfield></datafield><datafield ind1=" " ind2="7" tag="651"><subfield code="a">Hambourg (Allemagne)</subfield><subfield code="0">(IDREF)027433781</subfield><subfield code="2">idref</subfield></datafield><datafield ind1=" " ind2="7" tag="651"><subfield code="a">Emsland (Allemagne)</subfield><subfield code="0">(IDREF)031316476</subfield><subfield code="2">idref</subfield></datafield><datafield ind1=" " ind2="7" tag="651"><subfield code="a">Deutschland (BRD)</subfield><subfield code="2">idszbz</subfield></datafield><datafield ind1=" " ind2="7" tag="651"><subfield code="a">Emsland</subfield><subfield code="2">idszbz</subfield></datafield><datafield ind1=" " ind2="7" tag="651"><subfield code="a">Hamburg</subfield><subfield code="2">idszbz</subfield></datafield><datafield ind1=" " ind2="7" tag="651"><subfield code="a">Deutschland</subfield><subfield code="g">Bundesrepublik</subfield><subfield code="0">(DE-588)4011889-7</subfield><subfield code="2">gnd</subfield></datafield><datafield ind1=" " ind2="7" tag="651"><subfield code="a">Hamburg</subfield><subfield code="0">(DE-588)4023118-5</subfield><subfield code="2">gnd</subfield></datafield><datafield ind1=" " ind2="7" tag="651"><subfield code="a">Landkreis Emsland</subfield><subfield code="0">(DE-588)4014622-4</subfield><subfield code="2">gnd</subfield></datafield><datafield ind1=" " ind2="7" tag="655"><subfield code="a">Hochschulschrift</subfield><subfield code="2">gnd-content</subfield></datafield><datafield ind1=" " ind2=" " tag="690"><subfield code="a">Deutschland : Verkehr : Geschichte 1950-1960</subfield><subfield code="2">uzb-UL</subfield></datafield><datafield ind1=" " ind2=" " tag="690"><subfield code="a">Deutschland : Verkehrspolitik : Geschichte 1950-1960</subfield><subfield code="2">uzb-UL</subfield></datafield><datafield ind1="4" ind2=" " tag="856"><subfield code="3">Inhaltsverzeichnis</subfield><subfield code="u">http://www.ub.unibas.ch/tox/HBZ/HT006313144/PDF</subfield><subfield code="q">pdf</subfield></datafield><datafield ind1=" " ind2="0" tag="830"><subfield code="a">Vierteljahrschrift für Sozial- und Wirtschaftsgeschichte</subfield><subfield code="p">Beihefte</subfield><subfield code="v">113</subfield><subfield code="w">(IDSBB)000014382DSV01</subfield></datafield><datafield ind1=" " ind2=" " tag="900"><subfield code="a">REROnoselfmerge</subfield></datafield><datafield ind1=" " ind2=" " tag="900"><subfield code="d">IDSZ2rwiswk201008b</subfield><subfield code="e">IDSZ2berna</subfield></datafield><datafield ind1=" " ind2=" " tag="949"><subfield code="a">http://www.ub.unibas.ch/tox/HBZ/HT006313144/PDF</subfield></datafield></record>
</metadata></record>