<record><header><identifier>oai:alma.41SLSP_UGE:991000769389705502</identifier><datestamp>2023-06-27T00:15:44Z</datestamp><setSpec>uge_bcen_RapidILL_BOOK</setSpec><setSpec>uge_aaca_RapidILL_BOOK</setSpec><setSpec>uge_abels_RapidILL_BOOK</setSpec><setSpec>uge_dbu_RapidILL_BOOK</setSpec><setSpec>uge_cmu_RapidILL_BOOK</setSpec><setSpec>uge_mail_RapidILL_BOOK</setSpec><setSpec>uge_abbat_RapidILL_BOOK</setSpec><setSpec>UNIGE_ALL</setSpec><setSpec>uge_aobs_RapidILL_BOOK</setSpec><setSpec>uge_acar_RapidILL_BOOK</setSpec></header><metadata>
<record xmlns="http://www.loc.gov/MARC21/slim" xmlns:xsi="http://www.w3.org/2001/XMLSchema-instance" xsi:schemaLocation="http://www.loc.gov/MARC21/slim http://www.loc.gov/standards/marcxml/schema/MARC21slim.xsd"><leader>01112nam a2200301 c 4500</leader><controlfield tag="001">991000769389705502</controlfield><controlfield tag="005">20230625141640.0</controlfield><controlfield tag="008">201011r19791946xxu||||| |||| 00| ||eng d</controlfield><datafield ind1=" " ind2=" " tag="035"><subfield code="a">(swissbib)231573723-41slsp_network</subfield></datafield><datafield ind1=" " ind2=" " tag="035"><subfield code="a">231573723</subfield><subfield code="9">ExL</subfield></datafield><datafield ind1=" " ind2=" " tag="035"><subfield code="a">(RERO)1067439-41slsp</subfield></datafield><datafield ind1=" " ind2=" " tag="035"><subfield code="a">(IDSBB)003215963DSV01</subfield></datafield><datafield ind1=" " ind2=" " tag="035"><subfield code="a">(EXLNZ-41SLSP_NETWORK)991145830989705501</subfield></datafield><datafield ind1=" " ind2=" " tag="040"><subfield code="a">RERO geules</subfield><subfield code="d">CH-ZuSLS</subfield></datafield><datafield ind1="0" ind2=" " tag="041"><subfield code="a">eng</subfield><subfield code="a">spa</subfield></datafield><datafield ind1=" " ind2="7" tag="072"><subfield code="a">es</subfield><subfield code="2">rero</subfield></datafield><datafield ind1=" " ind2="7" tag="072"><subfield code="a">es</subfield><subfield code="2">SzZuIDS BS/BE</subfield></datafield><datafield ind1="0" ind2="0" tag="245"><subfield code="a">Tentative dictionary of medieval Spanish</subfield><subfield code="c">compiled by R.S. Boggs... [et al.]</subfield></datafield><datafield ind1=" " ind2="1" tag="264"><subfield code="a">Ann Arbor Mich.</subfield><subfield code="a">London</subfield><subfield code="b">University microgfilms international</subfield><subfield code="c">1979</subfield></datafield><datafield ind1=" " ind2=" " tag="300"><subfield code="a">2 vol. (XXIII p.) (392 p.)</subfield><subfield code="c">25 cm</subfield></datafield><datafield ind1=" " ind2=" " tag="336"><subfield code="b">txt</subfield><subfield code="2">rdacontent</subfield></datafield><datafield ind1=" " ind2=" " tag="337"><subfield code="b">n</subfield><subfield code="2">rdamedia</subfield></datafield><datafield ind1=" " ind2=" " tag="338"><subfield code="b">nc</subfield><subfield code="2">rdacarrier</subfield></datafield><datafield ind1=" " ind2=" " tag="534"><subfield code="p">Reprod. de l'éd. de:</subfield><subfield code="c">Chapel Hill N.C., 1946</subfield></datafield><datafield ind1=" " ind2=" " tag="534"><subfield code="p">Reprod. photomécanique de l'éd. de</subfield><subfield code="c">Chapel Hill N.C., 1946.</subfield></datafield><datafield ind1=" " ind2="7" tag="650"><subfield code="a">espagnol (langue, ancien)</subfield><subfield code="0">(RERO)A009977525</subfield><subfield code="2">rerovoc</subfield></datafield><datafield ind1=" " ind2="7" tag="650"><subfield code="a">Altspanische Sprache</subfield><subfield code="v">Wörterbuch</subfield><subfield code="2">idsbb</subfield></datafield><datafield ind1=" " ind2="7" tag="655"><subfield code="a">Dictionnaires</subfield><subfield code="2">idref</subfield><subfield code="0">(IDREF)027232050</subfield></datafield><datafield ind1="1" ind2=" " tag="700"><subfield code="a">Boggs, Ralph Steele</subfield><subfield code="0">(RERO)A003019001</subfield></datafield><datafield ind1=" " ind2=" " tag="993"><subfield code="a">FLT 55073</subfield><subfield code="x">ge/ules/a/flt 55073</subfield><subfield code="9">LOCAL</subfield></datafield><datafield ind1=" " ind2=" " tag="993"><subfield code="a">BFLA 33849</subfield><subfield code="x">ge/ules/a/flt 55073</subfield><subfield code="9">LOCAL</subfield></datafield></record>
</metadata></record>