<record><header><identifier>oai:alma.41SLSP_UGE:991000778499705502</identifier><datestamp>2023-03-27T00:14:01Z</datestamp><setSpec>uge_bcen_RapidILL_BOOK</setSpec><setSpec>uge_aaca_RapidILL_BOOK</setSpec><setSpec>uge_abels_RapidILL_BOOK</setSpec><setSpec>uge_dbu_RapidILL_BOOK</setSpec><setSpec>uge_cmu_RapidILL_BOOK</setSpec><setSpec>uge_mail_RapidILL_BOOK</setSpec><setSpec>uge_abbat_RapidILL_BOOK</setSpec><setSpec>UNIGE_ALL</setSpec><setSpec>uge_aobs_RapidILL_BOOK</setSpec><setSpec>uge_acar_RapidILL_BOOK</setSpec></header><metadata>
<record xmlns="http://www.loc.gov/MARC21/slim" xmlns:xsi="http://www.w3.org/2001/XMLSchema-instance" xsi:schemaLocation="http://www.loc.gov/MARC21/slim http://www.loc.gov/standards/marcxml/schema/MARC21slim.xsd"><leader>03590nam a2200817 c 4500</leader><controlfield tag="001">991000778499705502</controlfield><controlfield tag="005">20230326205636.0</controlfield><controlfield tag="008">201011s2007    it ||||| |||| 00| ||ita d</controlfield><datafield ind1=" " ind2=" " tag="020"><subfield code="a">9788815118752</subfield></datafield><datafield ind1=" " ind2=" " tag="035"><subfield code="a">(swissbib)230577083-41slsp_network</subfield></datafield><datafield ind1=" " ind2=" " tag="035"><subfield code="a">230577083</subfield><subfield code="9">ExL</subfield></datafield><datafield ind1=" " ind2=" " tag="035"><subfield code="a">(RERO)R004554072-41slsp</subfield></datafield><datafield ind1=" " ind2=" " tag="035"><subfield code="a">(IDSBB)004259158DSV01</subfield></datafield><datafield ind1=" " ind2=" " tag="035"><subfield code="a">(NEBIS)005412202EBI01</subfield></datafield><datafield ind1=" " ind2=" " tag="035"><subfield code="a">(NEBIS)009329806EBI01</subfield></datafield><datafield ind1=" " ind2=" " tag="035"><subfield code="a">(IDSSG)000438494HSB01</subfield></datafield><datafield ind1=" " ind2=" " tag="035"><subfield code="a">(EXLNZ-41SLSP_NETWORK)991089984679705501</subfield></datafield><datafield ind1=" " ind2=" " tag="040"><subfield code="a">RERO geulit</subfield><subfield code="d">CH-ZuSLS</subfield></datafield><datafield ind1=" " ind2=" " tag="050"><subfield code="a">PQ</subfield></datafield><datafield ind1=" " ind2="7" tag="072"><subfield code="a">it</subfield><subfield code="2">rero</subfield></datafield><datafield ind1=" " ind2="7" tag="072"><subfield code="a">it</subfield><subfield code="2">SzZuIDS BS/BE</subfield></datafield><datafield ind1="0" ind2="4" tag="082"><subfield code="a">853</subfield><subfield code="2">21</subfield></datafield><datafield ind1="1" ind2="4" tag="082"><subfield code="a">853.914 09</subfield><subfield code="2">22</subfield></datafield><datafield ind1="1" ind2="4" tag="082"><subfield code="a">853</subfield><subfield code="2">21</subfield></datafield><datafield ind1="1" ind2="4" tag="082"><subfield code="a">450</subfield><subfield code="2">15</subfield></datafield><datafield ind1="1" ind2="4" tag="082"><subfield code="a">853.91</subfield></datafield><datafield ind1=" " ind2=" " tag="084"><subfield code="a">IV 03367</subfield><subfield code="2">rvk</subfield></datafield><datafield ind1=" " ind2=" " tag="084"><subfield code="a">IV 3367</subfield><subfield code="2">rvk</subfield></datafield><datafield ind1="1" ind2=" " tag="100"><subfield code="a">Casadei, Alberto</subfield><subfield code="d">1963-</subfield><subfield code="0">(DE-588)1031920218</subfield><subfield code="6">880-01</subfield></datafield><datafield ind1="1" ind2=" " tag="880"><subfield code="6">100-01</subfield><subfield code="a">Casadei, Alberto</subfield><subfield code="d">1963-....</subfield><subfield code="0">(IDREF)029657830</subfield><subfield code="4">cre</subfield></datafield><datafield ind1="1" ind2="0" tag="245"><subfield code="a">Stile e tradizione nel romanzo italiano contemporaneo</subfield><subfield code="c">Alberto Casadei</subfield></datafield><datafield ind1=" " ind2="1" tag="264"><subfield code="a">Bologna</subfield><subfield code="b">Il Mulino</subfield><subfield code="c">2007</subfield></datafield><datafield ind1=" " ind2=" " tag="300"><subfield code="a">306 p.</subfield></datafield><datafield ind1=" " ind2=" " tag="336"><subfield code="b">txt</subfield><subfield code="2">rdacontent</subfield></datafield><datafield ind1=" " ind2=" " tag="337"><subfield code="b">n</subfield><subfield code="2">rdamedia</subfield></datafield><datafield ind1=" " ind2=" " tag="338"><subfield code="b">nc</subfield><subfield code="2">rdacarrier</subfield></datafield><datafield ind1="1" ind2=" " tag="490"><subfield code="a">Saggi</subfield><subfield code="v">669</subfield></datafield><datafield ind1=" " ind2=" " tag="504"><subfield code="a">Includes bibliographical references</subfield></datafield><datafield ind1="1" ind2="7" tag="600"><subfield code="a">Affinati, Eraldo</subfield><subfield code="d">1956-</subfield><subfield code="0">(DE-588)120852829</subfield><subfield code="2">gnd</subfield></datafield><datafield ind1="1" ind2="7" tag="600"><subfield code="a">Fenoglio, Beppe</subfield><subfield code="d">1922-1963</subfield><subfield code="0">(DE-588)118683268</subfield><subfield code="2">gnd</subfield></datafield><datafield ind1="1" ind2="0" tag="600"><subfield code="a">Affinati, Eraldo</subfield><subfield code="x">Criticism and interpretation</subfield></datafield><datafield ind1="1" ind2="0" tag="600"><subfield code="a">Fenoglio, Beppe</subfield><subfield code="d">1922-1963</subfield><subfield code="x">Criticism and interpretation</subfield></datafield><datafield ind1="1" ind2="0" tag="600"><subfield code="a">Siti, Walter</subfield><subfield code="d">1947-</subfield><subfield code="x">Criticism and interpretation</subfield></datafield><datafield ind1=" " ind2="7" tag="648"><subfield code="a">Geschichte 1980-2005</subfield><subfield code="2">idszbz</subfield></datafield><datafield ind1=" " ind2="7" tag="648"><subfield code="a">Geschichte 1950-2000</subfield><subfield code="2">idszbz</subfield></datafield><datafield ind1=" " ind2="7" tag="648"><subfield code="a">Geschichte 2000-2050</subfield><subfield code="2">idszbz</subfield></datafield><datafield ind1=" " ind2="7" tag="648"><subfield code="a">Geschichte 1980-2000</subfield><subfield code="2">gnd</subfield></datafield><datafield ind1=" " ind2="7" tag="650"><subfield code="a">Roman italien</subfield><subfield code="0">(IDREF)028343077</subfield><subfield code="2">idref</subfield></datafield><datafield ind1=" " ind2="7" tag="650"><subfield code="a">20e siècle (2e moitié)-21e siècle (début)</subfield><subfield code="0">(RERO)A022456279</subfield><subfield code="2">rero</subfield></datafield><datafield ind1=" " ind2="7" tag="650"><subfield code="a">Roman</subfield><subfield code="z">italienischer</subfield><subfield code="y">Geschichte 1945 ff</subfield><subfield code="2">idsbb</subfield></datafield><datafield ind1=" " ind2="7" tag="650"><subfield code="a">Italienisch</subfield><subfield code="2">idszbz</subfield></datafield><datafield ind1=" " ind2="7" tag="650"><subfield code="a">Roman</subfield><subfield code="2">idszbz</subfield></datafield><datafield ind1=" " ind2="0" tag="650"><subfield code="a">Italian fiction</subfield><subfield code="y">20th century</subfield><subfield code="x">History and criticism</subfield></datafield><datafield ind1=" " ind2="0" tag="650"><subfield code="a">Italian fiction</subfield><subfield code="y">21st century</subfield><subfield code="x">History and criticism</subfield></datafield><datafield ind1=" " ind2="7" tag="650"><subfield code="a">Literatur</subfield><subfield code="0">(DE-588)4035964-5</subfield><subfield code="2">gnd</subfield></datafield><datafield ind1=" " ind2="7" tag="650"><subfield code="a">Romantheorie</subfield><subfield code="0">(DE-588)4076830-2</subfield><subfield code="2">gnd</subfield></datafield><datafield ind1=" " ind2="7" tag="650"><subfield code="a">Stilistik</subfield><subfield code="0">(DE-588)4116621-8</subfield><subfield code="2">gnd</subfield></datafield><datafield ind1=" " ind2="7" tag="650"><subfield code="a">Italienisch</subfield><subfield code="0">(DE-588)4114056-4</subfield><subfield code="2">gnd</subfield></datafield><datafield ind1=" " ind2="7" tag="650"><subfield code="a">Roman</subfield><subfield code="0">(DE-588)4050479-7</subfield><subfield code="2">gnd</subfield></datafield><datafield ind1=" " ind2="7" tag="655"><subfield code="a">[Études diverses]</subfield><subfield code="0">(RERO)A022249905</subfield><subfield code="2">rero</subfield></datafield><datafield ind1=" " ind2=" " tag="690"><subfield code="a">Roman; Tradition; Gegenwart; Schicksal; Fiktion; Genre; Autobiografie</subfield><subfield code="2">idssg-J</subfield></datafield><datafield ind1=" " ind2=" " tag="690"><subfield code="a">Nonfiction; Schlussfolgerunge; Achtzigerjahr; Erzählform; Sachbuch; Zwischenablage</subfield><subfield code="2">idssg-J</subfield></datafield><datafield ind1=" " ind2=" " tag="690"><subfield code="a">zeitgenössischer Roman; achtziger Jahr; allegorischer Name; historischer Epos; italienischer Roman; italienischer Inhalt; klassischer Roman; kurzes Fazit; lange Ausbildung; narrative Ethik; neue Generation; neunziger Jahr; operative Entscheidung; unerwarteter Erfolg; viele Oase</subfield><subfield code="2">idssg-J</subfield></datafield><datafield ind1=" " ind2=" " tag="690"><subfield code="a">Italien C4EUIT</subfield><subfield code="2">idssg-J</subfield></datafield><datafield ind1=" " ind2=" " tag="690"><subfield code="a">Beppe Fenoglio; Eraldo Refined; Genre Themen Erzählformen; On The Magnificent; Roman Alberto Casadei; Roman Zeitgenössischen; Walter Websites</subfield><subfield code="2">idssg-J</subfield></datafield><datafield ind1="4" ind2=" " tag="856"><subfield code="3">Inhaltsverzeichnis</subfield><subfield code="u">http://www.ub.unibas.ch/tox/IDSBB/004259158/PDF</subfield><subfield code="q">pdf</subfield></datafield><datafield ind1=" " ind2=" " tag="830"><subfield code="a">Saggi</subfield><subfield code="g">Il Mulino</subfield><subfield code="v">669</subfield><subfield code="w">(IDSSG)000304500HSB01</subfield></datafield><datafield ind1=" " ind2=" " tag="830"><subfield code="a">Saggi</subfield><subfield code="p">Il Mulino</subfield><subfield code="v">669</subfield><subfield code="w">(RERO)0001211-41slsp</subfield></datafield><datafield ind1=" " ind2=" " tag="900"><subfield code="a">REROnoselfmerge</subfield></datafield><datafield ind1=" " ind2=" " tag="900"><subfield code="a">IDSZ2zbzmon200710f</subfield><subfield code="c">IDSZ2staub</subfield><subfield code="d">IDSZ2zbzswk200710b</subfield><subfield code="e">IDSZ2brua</subfield></datafield><datafield ind1=" " ind2=" " tag="911"><subfield code="a">100</subfield><subfield code="a">Casadei, Alberto</subfield><subfield code="d">1963-</subfield></datafield><datafield ind1=" " ind2=" " tag="949"><subfield code="a">http://www.ub.unibas.ch/tox/IDSBB/004259158/PDF</subfield></datafield><datafield ind1=" " ind2=" " tag="993"><subfield code="a">BFLA 199424</subfield><subfield code="x">ge/ulit/a/07/189</subfield><subfield code="9">LOCAL</subfield></datafield></record>
</metadata></record>