<record><header><identifier>oai:alma.41SLSP_UGE:991000769489705502</identifier><datestamp>2024-03-09T01:41:21Z</datestamp><setSpec>uge_bcen_RapidILL_BOOK</setSpec><setSpec>uge_aaca_RapidILL_BOOK</setSpec><setSpec>uge_abels_RapidILL_BOOK</setSpec><setSpec>uge_dbu_RapidILL_BOOK</setSpec><setSpec>uge_cmu_RapidILL_BOOK</setSpec><setSpec>uge_mail_RapidILL_BOOK</setSpec><setSpec>uge_abbat_RapidILL_BOOK</setSpec><setSpec>UNIGE_ALL</setSpec><setSpec>uge_acar_RapidILL_BOOK</setSpec><setSpec>uge_aobs_RapidILL_BOOK</setSpec></header><metadata>
<record xmlns="http://www.loc.gov/MARC21/slim" xmlns:xsi="http://www.w3.org/2001/XMLSchema-instance" xsi:schemaLocation="http://www.loc.gov/MARC21/slim http://www.loc.gov/standards/marcxml/schema/MARC21slim.xsd"><leader>02671nam a2200553 c 4500</leader><controlfield tag="001">991000769489705502</controlfield><controlfield tag="005">20240308232025.0</controlfield><controlfield tag="008">201011s1919    sz ||||| m||| 00| ||fre d</controlfield><datafield ind1=" " ind2=" " tag="019"><subfield code="a">Catalogage décrit: l'ex. de thèse et l'ex. commercial</subfield><subfield code="5">RERO/geubib/03.2010</subfield></datafield><datafield ind1="7" ind2=" " tag="024"><subfield code="a">http://catalogue.bnf.fr/ark:/12148/cb31423885r</subfield><subfield code="2">uri</subfield></datafield><datafield ind1=" " ind2=" " tag="035"><subfield code="a">(swissbib)224791397-41slsp_network</subfield></datafield><datafield ind1=" " ind2=" " tag="035"><subfield code="a">224791397</subfield><subfield code="9">ExL</subfield></datafield><datafield ind1=" " ind2=" " tag="035"><subfield code="a">(RERO)0115198-41slsp</subfield></datafield><datafield ind1=" " ind2=" " tag="035"><subfield code="a">(NEBIS)004200377EBI01</subfield></datafield><datafield ind1=" " ind2=" " tag="035"><subfield code="a">(IDSLU)000694280ILU01</subfield></datafield><datafield ind1=" " ind2=" " tag="035"><subfield code="a">(NEBIS)003221039EBI01</subfield></datafield><datafield ind1=" " ind2=" " tag="035"><subfield code="a">(ABN)000466886ABN01</subfield></datafield><datafield ind1=" " ind2=" " tag="035"><subfield code="a">(EXLNZ-41SLSP_NETWORK)991020942109705501</subfield></datafield><datafield ind1=" " ind2=" " tag="040"><subfield code="a">RERO</subfield><subfield code="d">CH-ZuSLS</subfield></datafield><datafield ind1=" " ind2="7" tag="072"><subfield code="a">go</subfield><subfield code="2">rero</subfield></datafield><datafield ind1=" " ind2="7" tag="072"><subfield code="a">st</subfield><subfield code="2">rero</subfield></datafield><datafield ind1="1" ind2=" " tag="100"><subfield code="a">Swiderski, Bohdan</subfield><subfield code="d">18..-19..</subfield><subfield code="0">(IDREF)157966062</subfield><subfield code="4">cre</subfield></datafield><datafield ind1="1" ind2="0" tag="245"><subfield code="a">&lt;&lt;La&gt;&gt; partie occidentale du massif de l'Aar entre la Lonza et la Massa</subfield><subfield code="c">par Bohdan Swiderski</subfield></datafield><datafield ind1=" " ind2="1" tag="264"><subfield code="a">Berne</subfield><subfield code="b">A. Francke</subfield><subfield code="c">1919</subfield></datafield><datafield ind1=" " ind2=" " tag="300"><subfield code="a">XI, 68 p., II f. de pl.</subfield><subfield code="b">fig.</subfield><subfield code="c">32 cm</subfield></datafield><datafield ind1=" " ind2=" " tag="336"><subfield code="b">txt</subfield><subfield code="2">rdacontent</subfield></datafield><datafield ind1=" " ind2=" " tag="337"><subfield code="b">n</subfield><subfield code="2">rdamedia</subfield></datafield><datafield ind1=" " ind2=" " tag="338"><subfield code="b">nc</subfield><subfield code="2">rdacarrier</subfield></datafield><datafield ind1="1" ind2=" " tag="490"><subfield code="a">Matériaux pour la carte géologique de la Suisse. Nouvelle série</subfield><subfield code="v">Lfg. 47, partie 1 = Lfg. 77, partie 1</subfield></datafield><datafield ind1=" " ind2=" " tag="500"><subfield code="a">Texte explicatif de la carte spéciale No. 89</subfield></datafield><datafield ind1=" " ind2=" " tag="500"><subfield code="a">Avec 1 carte au 1:50,000 (= Carte géologique de la partie occidentale du Massif de l'Aar, entre la Lonza et la Massa) ...</subfield></datafield><datafield ind1=" " ind2=" " tag="502"><subfield code="a">Zugleich Diss., Univ. Lausanne</subfield></datafield><datafield ind1=" " ind2=" " tag="502"><subfield code="a">Th. Sc. Lausanne, 1919</subfield></datafield><datafield ind1=" " ind2=" " tag="504"><subfield code="a">S. VI-VIII</subfield></datafield><datafield ind1=" " ind2=" " tag="580"><subfield code="a">Tiré à part de: Matériaux pour la carte géologique de la Suisse, nouv. série, livraison 47, (1)</subfield></datafield><datafield ind1=" " ind2="7" tag="650"><subfield code="a">Géologie</subfield><subfield code="0">(IDREF)027227987</subfield><subfield code="2">idref</subfield></datafield><datafield ind1=" " ind2="7" tag="651"><subfield code="a">Aar (Suisse, massif) - ouest</subfield><subfield code="0">(RERO)A010039004</subfield><subfield code="2">rero</subfield></datafield><datafield ind1=" " ind2="7" tag="651"><subfield code="a">Helvétique (géologie)</subfield><subfield code="0">(RERO)A009996405</subfield><subfield code="2">rero</subfield></datafield><datafield ind1=" " ind2="7" tag="655"><subfield code="a">Hochschulschrift</subfield><subfield code="2">gnd-content</subfield></datafield><datafield ind1=" " ind2=" " tag="690"><subfield code="a">Geologie</subfield><subfield code="2">rzs-LN</subfield></datafield><datafield ind1=" " ind2=" " tag="690"><subfield code="a">Aarmassiv</subfield><subfield code="2">rzs-LN</subfield></datafield><datafield ind1=" " ind2=" " tag="690"><subfield code="a">Wallis</subfield><subfield code="2">rzs-LN</subfield></datafield><datafield ind1=" " ind2=" " tag="690"><subfield code="a">Oberwallis / Natur</subfield><subfield code="2">uzb-Z9</subfield></datafield><datafield ind1="0" ind2=" " tag="773"><subfield code="t">Sammelband ETH-ERD</subfield><subfield code="w">(NEBIS)004234759EBI01</subfield></datafield><datafield ind1=" " ind2="0" tag="830"><subfield code="a">Beiträge zur Geologischen Karte der Schweiz</subfield><subfield code="p">Neue Folge = Matériaux pour la Carte géologique de la Suisse. Nouvelle Série = Materiali per la carta geologica della Svizzera. Nuova serie</subfield><subfield code="v">47/1</subfield><subfield code="w">(IDSLU)000213047ILU01</subfield></datafield><datafield ind1=" " ind2="0" tag="830"><subfield code="a">Matériaux pour la carte géologique de la Suisse</subfield><subfield code="p">Nouvelle série</subfield><subfield code="v">47/1</subfield><subfield code="w">(RERO)0025310-41slsp</subfield></datafield><datafield ind1=" " ind2="0" tag="830"><subfield code="a">Beiträge zur geologischen Karte der Schweiz</subfield><subfield code="p">Neue Folge</subfield><subfield code="v">47</subfield><subfield code="w">(NEBIS)000988913EBI01</subfield></datafield><datafield ind1=" " ind2=" " tag="900"><subfield code="a">REROnoselfmerge</subfield></datafield><datafield ind1=" " ind2=" " tag="900"><subfield code="a">IDSZRMedeaZBZ</subfield></datafield></record>
</metadata></record>