<record><header><identifier>oai:alma.41SLSP_UGE:991000778289705502</identifier><datestamp>2023-03-01T01:09:43Z</datestamp><setSpec>uge_bcen_RapidILL_BOOK</setSpec><setSpec>uge_aaca_RapidILL_BOOK</setSpec><setSpec>uge_abels_RapidILL_BOOK</setSpec><setSpec>uge_dbu_RapidILL_BOOK</setSpec><setSpec>uge_cmu_RapidILL_BOOK</setSpec><setSpec>uge_mail_RapidILL_BOOK</setSpec><setSpec>UNIGE_ALL</setSpec><setSpec>uge_abbat_RapidILL_BOOK</setSpec><setSpec>uge_acar_RapidILL_BOOK</setSpec><setSpec>uge_aobs_RapidILL_BOOK</setSpec></header><metadata>
<record xmlns="http://www.loc.gov/MARC21/slim" xmlns:xsi="http://www.w3.org/2001/XMLSchema-instance" xsi:schemaLocation="http://www.loc.gov/MARC21/slim http://www.loc.gov/standards/marcxml/schema/MARC21slim.xsd"><leader>01550nam a2200337 c 4500</leader><controlfield tag="001">991000778289705502</controlfield><controlfield tag="005">20230210181136.0</controlfield><controlfield tag="008">051108s2005    fr ||||| |||| 10| ||fre d</controlfield><datafield ind1=" " ind2=" " tag="020"><subfield code="a">2747591581</subfield></datafield><datafield ind1=" " ind2=" " tag="035"><subfield code="a">(swissbib)102601178-41slsp_network</subfield></datafield><datafield ind1=" " ind2=" " tag="035"><subfield code="a">102601178</subfield><subfield code="9">ExL</subfield></datafield><datafield ind1=" " ind2=" " tag="035"><subfield code="a">(RERO)R003937280-41slsp</subfield></datafield><datafield ind1=" " ind2=" " tag="035"><subfield code="a">(EXLNZ-41SLSP_NETWORK)991066308569705501</subfield></datafield><datafield ind1=" " ind2=" " tag="040"><subfield code="a">RERO labcud</subfield><subfield code="d">CH-ZuSLS</subfield></datafield><datafield ind1="0" ind2=" " tag="041"><subfield code="a">eng</subfield><subfield code="a">fre</subfield></datafield><datafield ind1=" " ind2="7" tag="072"><subfield code="a">ht</subfield><subfield code="2">rero</subfield></datafield><datafield ind1="0" ind2="0" tag="245"><subfield code="a">&lt;&lt;La&gt;&gt; perception de l'héritage ottoman dans les Balkans</subfield><subfield code="b">actes des journées d'études sur &quot;L'héritage ottoman dans les Balkans&quot;, IFEA, Istanbul, 16-17 juin 2000 = The perception of the Ottoman legacy in the Balkans : proceedings of the symposium on &quot;The Ottoman legacy in the Balkans&quot;, IFEA, Istanbul, 16-17 june 2000</subfield><subfield code="c">[organisées par l'IFEA] ; sous la dir. de Sylvie Gangloff</subfield></datafield><datafield ind1="1" ind2=" " tag="246"><subfield code="a">Perception of the Ottoman legacy in the Balkans</subfield></datafield><datafield ind1=" " ind2="1" tag="264"><subfield code="a">Paris [etc.]</subfield><subfield code="b">Ed. L'Harmattan</subfield><subfield code="c">2005</subfield></datafield><datafield ind1=" " ind2=" " tag="300"><subfield code="a">226 p.</subfield><subfield code="b">ill.</subfield><subfield code="c">22 cm</subfield></datafield><datafield ind1=" " ind2=" " tag="336"><subfield code="b">txt</subfield><subfield code="2">rdacontent</subfield></datafield><datafield ind1=" " ind2=" " tag="337"><subfield code="b">n</subfield><subfield code="2">rdamedia</subfield></datafield><datafield ind1=" " ind2=" " tag="338"><subfield code="b">nc</subfield><subfield code="2">rdacarrier</subfield></datafield><datafield ind1="1" ind2=" " tag="490"><subfield code="a">Varia turcica</subfield><subfield code="v">35</subfield></datafield><datafield ind1=" " ind2="7" tag="650"><subfield code="a">Mémoire collective</subfield><subfield code="0">(IDREF)030288185</subfield><subfield code="2">idref</subfield></datafield><datafield ind1=" " ind2="7" tag="651"><subfield code="a">Balkans</subfield><subfield code="0">(IDREF)027360199</subfield><subfield code="2">idref</subfield></datafield><datafield ind1=" " ind2="7" tag="651"><subfield code="a">Empire ottoman</subfield><subfield code="0">(IDREF)027252272</subfield><subfield code="2">idref</subfield></datafield><datafield ind1=" " ind2="7" tag="655"><subfield code="a">Actes de congrès</subfield><subfield code="0">(IDREF)02886431X</subfield><subfield code="2">idref</subfield></datafield><datafield ind1="1" ind2=" " tag="700"><subfield code="a">Gangloff, Sylvie</subfield><subfield code="d">19..-....</subfield><subfield code="0">(IDREF)081159943</subfield></datafield><datafield ind1="2" ind2=" " tag="710"><subfield code="a">Institut français d'études anatoliennes (Istanbul)</subfield><subfield code="b">Journées d'études</subfield><subfield code="d">2000</subfield><subfield code="c">Istanbul</subfield><subfield code="0">(RERO)A012482101</subfield></datafield><datafield ind1=" " ind2=" " tag="830"><subfield code="a">Varia Turcica</subfield><subfield code="v">35</subfield><subfield code="w">(RERO)0928795-41slsp</subfield></datafield><datafield ind1=" " ind2=" " tag="900"><subfield code="a">REROnoselfmerge</subfield></datafield><datafield ind1=" " ind2=" " tag="961"><subfield code="2">gsi</subfield><subfield code="a">949.7</subfield><subfield code="9">LOCAL</subfield></datafield></record>
</metadata></record>