<record><header><identifier>oai:alma.41SLSP_UGE:991000769429705502</identifier><datestamp>2023-04-02T03:32:06Z</datestamp><setSpec>uge_bcen_RapidILL_BOOK</setSpec><setSpec>uge_aaca_RapidILL_BOOK</setSpec><setSpec>uge_abels_RapidILL_BOOK</setSpec><setSpec>uge_dbu_RapidILL_BOOK</setSpec><setSpec>uge_cmu_RapidILL_BOOK</setSpec><setSpec>uge_mail_RapidILL_BOOK</setSpec><setSpec>uge_abbat_RapidILL_BOOK</setSpec><setSpec>UNIGE_ALL</setSpec><setSpec>uge_acar_RapidILL_BOOK</setSpec><setSpec>uge_aobs_RapidILL_BOOK</setSpec></header><metadata>
<record xmlns="http://www.loc.gov/MARC21/slim" xmlns:xsi="http://www.w3.org/2001/XMLSchema-instance" xsi:schemaLocation="http://www.loc.gov/MARC21/slim http://www.loc.gov/standards/marcxml/schema/MARC21slim.xsd"><leader>04979nam a2200865 c 4500</leader><controlfield tag="001">991000769429705502</controlfield><controlfield tag="005">20230401201435.0</controlfield><controlfield tag="008">201011s2019    fr       b||| 101 0 fre|d</controlfield><datafield ind1=" " ind2=" " tag="020"><subfield code="a">9782406086895</subfield><subfield code="q">livre relié</subfield></datafield><datafield ind1=" " ind2=" " tag="020"><subfield code="a">9782406086888</subfield><subfield code="q">livre broché</subfield></datafield><datafield ind1=" " ind2=" " tag="035"><subfield code="a">(swissbib)228224187-41slsp_network</subfield></datafield><datafield ind1=" " ind2=" " tag="035"><subfield code="a">228224187</subfield><subfield code="9">ExL</subfield></datafield><datafield ind1=" " ind2=" " tag="035"><subfield code="a">(IDSBB)007149469DSV01</subfield></datafield><datafield ind1=" " ind2=" " tag="035"><subfield code="a">(NEBIS)011549980EBI01</subfield></datafield><datafield ind1=" " ind2=" " tag="035"><subfield code="a">(RERO)R008988595-41slsp</subfield></datafield><datafield ind1=" " ind2=" " tag="035"><subfield code="a">(OCoLC)1126781032</subfield></datafield><datafield ind1=" " ind2=" " tag="035"><subfield code="a">(OCoLC)1127566308</subfield></datafield><datafield ind1=" " ind2=" " tag="035"><subfield code="a">(EXLNZ-41SLSP_NETWORK)991153360439705501</subfield></datafield><datafield ind1=" " ind2=" " tag="040"><subfield code="a">AUXAM</subfield><subfield code="b">ger</subfield><subfield code="e">rda</subfield><subfield code="d">CH-ZuSLS</subfield></datafield><datafield ind1=" " ind2="4" tag="050"><subfield code="a">PQ653</subfield><subfield code="b">.R66 2019</subfield></datafield><datafield ind1=" " ind2="4" tag="050"><subfield code="a">PQ</subfield></datafield><datafield ind1=" " ind2="7" tag="072"><subfield code="a">lc</subfield><subfield code="2">rero</subfield></datafield><datafield ind1="0" ind2="4" tag="082"><subfield code="a">840</subfield></datafield><datafield ind1="1" ind2="4" tag="082"><subfield code="a">800</subfield><subfield code="2">15</subfield></datafield><datafield ind1="1" ind2="4" tag="082"><subfield code="a">840</subfield><subfield code="2">15</subfield></datafield><datafield ind1=" " ind2=" " tag="084"><subfield code="a">IG 4580</subfield><subfield code="2">rvk</subfield></datafield><datafield ind1="2" ind2=" " tag="111"><subfield code="a">Colloque &quot;Le roman de mœurs, un genre roturier à l'âge démocratique&quot;</subfield><subfield code="d">2016</subfield><subfield code="c">Toulouse</subfield><subfield code="0">(DE-588)1201582377</subfield></datafield><datafield ind1="1" ind2="0" tag="245"><subfield code="a">&lt;&lt;Le&gt;&gt; roman de mœurs</subfield><subfield code="b">un genre roturier à l'âge démocratique</subfield><subfield code="c">sous la direction de Philippe Dufour, Bernard Gendrel et Guy Larroux ; préface de Bernard Gendrel ; postface de Philippe Dufour et Guy Larroux</subfield></datafield><datafield ind1=" " ind2="1" tag="264"><subfield code="a">Paris</subfield><subfield code="b">Classiques Garnier</subfield><subfield code="c">2019</subfield></datafield><datafield ind1=" " ind2=" " tag="300"><subfield code="a">372 Seiten</subfield><subfield code="c">22 cm</subfield></datafield><datafield ind1=" " ind2=" " tag="336"><subfield code="b">txt</subfield><subfield code="2">rdacontent</subfield></datafield><datafield ind1=" " ind2=" " tag="337"><subfield code="b">n</subfield><subfield code="2">rdamedia</subfield></datafield><datafield ind1=" " ind2=" " tag="338"><subfield code="b">nc</subfield><subfield code="2">rdacarrier</subfield></datafield><datafield ind1="1" ind2=" " tag="490"><subfield code="a">Rencontres. Serie Études dix-neuvièmistes</subfield><subfield code="v">45</subfield></datafield><datafield ind1="1" ind2=" " tag="490"><subfield code="a">Rencontres</subfield><subfield code="v">427</subfield></datafield><datafield ind1=" " ind2=" " tag="500"><subfield code="a">Actes du colloque &quot;Le roman de mœurs : un genre roturier à l'âge démocratique&quot; organisé du 30 mars au 1er avril 2016 à l'université de Toulouse-Jean-Jaurès, publiés avec le soutien du laboratoire LLA CREATIS de l'université Toulouse-Jean-Jaurès</subfield></datafield><datafield ind1=" " ind2=" " tag="520"><subfield code="a">&quot;L'expression &quot;roman de moeurs&quot; apparaît en France dans les années 1820 comme sous-titre de romans proches de la littérature panoramique. Populaire ou prépopulaire à ses débuts, le roman de moeurs fait figure de &quot;genre roturier&quot; où le Paris postrévolutionnaire aime à se contempler. Nous sommes loin alors des grandes oeuvres du XIXe siècle. Pourtant, de ce roman Balzac fait, d'après Baudelaire, &quot;une chose admirable&quot;, et c'est cette expression même de &quot;roman de moeurs&quot; qui est revendiquée par les auteurs de la période réaliste et naturaliste. Le genre roturier serait-il ainsi devenu fréquentable sous l'influence de certains écrivains, jusqu'à se confondre avec ce que nous appelons aujourd'hui le roman traditionnel?&quot;</subfield></datafield><datafield ind1=" " ind2="7" tag="648"><subfield code="a">1800-1899</subfield><subfield code="2">fast</subfield></datafield><datafield ind1=" " ind2="7" tag="648"><subfield code="a">Geschichte 1800-1900</subfield><subfield code="2">gnd</subfield></datafield><datafield ind1=" " ind2="6" tag="650"><subfield code="a">Roman de moeurs français</subfield><subfield code="x">Histoire et critique</subfield><subfield code="v">Congrès</subfield></datafield><datafield ind1=" " ind2="6" tag="650"><subfield code="a">Roman français</subfield><subfield code="y">19e siècle</subfield><subfield code="x">Histoire et critique</subfield><subfield code="v">Congrès</subfield></datafield><datafield ind1=" " ind2="6" tag="650"><subfield code="a">Réalisme dans la littérature</subfield><subfield code="v">Congrès</subfield></datafield><datafield ind1=" " ind2="6" tag="650"><subfield code="a">Naturalisme dans la littérature</subfield><subfield code="v">Congrès</subfield></datafield><datafield ind1=" " ind2="7" tag="650"><subfield code="a">French fiction</subfield><subfield code="2">fast</subfield></datafield><datafield ind1=" " ind2="7" tag="650"><subfield code="a">Naturalism in literature</subfield><subfield code="2">fast</subfield></datafield><datafield ind1=" " ind2="7" tag="650"><subfield code="a">Realism in literature</subfield><subfield code="2">fast</subfield></datafield><datafield ind1=" " ind2="7" tag="650"><subfield code="a">Französisch</subfield><subfield code="0">(DE-588)4113615-9</subfield><subfield code="2">gnd</subfield></datafield><datafield ind1=" " ind2="7" tag="650"><subfield code="a">Sittenroman</subfield><subfield code="0">(DE-588)4181590-7</subfield><subfield code="2">gnd</subfield></datafield><datafield ind1=" " ind2="0" tag="650"><subfield code="a">French fiction</subfield><subfield code="y">19th century</subfield><subfield code="x">History and criticism</subfield><subfield code="v">Congresses</subfield></datafield><datafield ind1=" " ind2="0" tag="650"><subfield code="a">Realism in literature</subfield><subfield code="v">Congresses</subfield></datafield><datafield ind1=" " ind2="0" tag="650"><subfield code="a">Naturalism in literature</subfield><subfield code="v">Congresses</subfield></datafield><datafield ind1=" " ind2="7" tag="650"><subfield code="a">Réalisme (mouvement littéraire)</subfield><subfield code="x">Actes de congrès</subfield><subfield code="2">ram</subfield></datafield><datafield ind1=" " ind2="7" tag="650"><subfield code="a">Roman de moeurs</subfield><subfield code="y">19e siècle</subfield><subfield code="x">Histoire et critique</subfield><subfield code="x">Actes de congrès</subfield><subfield code="2">ram</subfield></datafield><datafield ind1=" " ind2="7" tag="650"><subfield code="a">Englisch</subfield><subfield code="0">(DE-588)4014777-0</subfield><subfield code="2">gnd</subfield></datafield><datafield ind1=" " ind2="7" tag="650"><subfield code="a">Roman français</subfield><subfield code="y">19e siècle</subfield><subfield code="x">Histoire et critique</subfield><subfield code="x">Actes de congrès</subfield><subfield code="2">ram</subfield></datafield><datafield ind1=" " ind2="7" tag="650"><subfield code="a">Spanisch</subfield><subfield code="0">(DE-588)4077640-2</subfield><subfield code="2">gnd</subfield></datafield><datafield ind1=" " ind2="7" tag="650"><subfield code="a">Roman de moeurs</subfield><subfield code="0">(IDREF)050585762</subfield><subfield code="2">idref</subfield></datafield><datafield ind1=" " ind2="7" tag="650"><subfield code="a">Roman français</subfield><subfield code="0">(IDREF)027800512</subfield><subfield code="2">idref</subfield></datafield><datafield ind1=" " ind2="7" tag="650"><subfield code="a">Réalisme (mouvement littéraire)</subfield><subfield code="0">(IDREF)027310965</subfield><subfield code="2">idref</subfield></datafield><datafield ind1=" " ind2="7" tag="650"><subfield code="a">19e siècle</subfield><subfield code="0">(IDREF)027794059</subfield><subfield code="2">idref</subfield></datafield><datafield ind1=" " ind2="7" tag="655"><subfield code="a">Conference papers and proceedings</subfield><subfield code="2">fast</subfield></datafield><datafield ind1=" " ind2="7" tag="655"><subfield code="a">Criticism, interpretation, etc</subfield><subfield code="2">fast</subfield></datafield><datafield ind1=" " ind2="7" tag="655"><subfield code="a">Konferenzschrift</subfield><subfield code="z">Toulouse</subfield><subfield code="y">2016</subfield><subfield code="2">gnd-content</subfield></datafield><datafield ind1=" " ind2="7" tag="655"><subfield code="a">Actes de congrès</subfield><subfield code="0">(IDREF)02886431X</subfield><subfield code="2">idref</subfield></datafield><datafield ind1="1" ind2=" " tag="700"><subfield code="a">Gendrel, Bernard</subfield><subfield code="d">1980-</subfield><subfield code="0">(DE-588)143466828</subfield><subfield code="e">Herausgeber</subfield><subfield code="e">Verfasser eines Vorworts</subfield><subfield code="4">edt</subfield><subfield code="4">wpr</subfield></datafield><datafield ind1="1" ind2=" " tag="700"><subfield code="a">Larroux, Guy</subfield><subfield code="d">1959-</subfield><subfield code="0">(DE-588)140036679</subfield><subfield code="e">Herausgeber</subfield><subfield code="e">Verfasser eines Nachworts</subfield><subfield code="4">edt</subfield><subfield code="4">aft</subfield></datafield><datafield ind1="1" ind2=" " tag="700"><subfield code="a">Dufour, Philippe</subfield><subfield code="d">1961-</subfield><subfield code="0">(DE-588)1145816444</subfield><subfield code="e">Herausgeber</subfield><subfield code="e">Verfasser eines Nachworts</subfield><subfield code="4">edt</subfield><subfield code="4">aft</subfield><subfield code="6">880-04</subfield></datafield><datafield ind1="1" ind2=" " tag="880"><subfield code="6">700-04</subfield><subfield code="a">Dufour, Philippe</subfield><subfield code="c">docteur ès lettres</subfield><subfield code="d">1961-....</subfield><subfield code="0">(IDREF)032250266</subfield><subfield code="4">edt</subfield></datafield><datafield ind1="4" ind2=" " tag="856"><subfield code="3">Titelblatt und Inhaltsverzeichnis</subfield><subfield code="u">https://toc.library.ethz.ch/objects/pdf03/z01_978-2-406-08688-8_01.pdf</subfield><subfield code="q">pdf</subfield></datafield><datafield ind1=" " ind2=" " tag="830"><subfield code="a">Rencontres</subfield><subfield code="p">Études dix-neuvièmistes</subfield><subfield code="v">45</subfield><subfield code="w">(IDSBB)005772353DSV01</subfield></datafield><datafield ind1=" " ind2=" " tag="830"><subfield code="a">Rencontres</subfield><subfield code="p">Ed. Classiques Garnier</subfield><subfield code="v">427</subfield><subfield code="w">(RERO)R005420772-41slsp</subfield></datafield><datafield ind1=" " ind2=" " tag="830"><subfield code="a">Rencontres</subfield><subfield code="v">427</subfield><subfield code="w">(IDSBB)005221453DSV01</subfield></datafield><datafield ind1=" " ind2=" " tag="900"><subfield code="a">IDSDSStoppsignal FRED</subfield></datafield><datafield ind1=" " ind2=" " tag="900"><subfield code="a">IDSZ2zbzmon202004f</subfield><subfield code="c">IDSZ2mera</subfield><subfield code="d">IDSZ2zbzswk202009g</subfield><subfield code="e">IDSZ2lanz</subfield></datafield><datafield ind1=" " ind2=" " tag="900"><subfield code="a">REROnoselfmerge</subfield></datafield><datafield ind1=" " ind2=" " tag="949"><subfield code="a">https://toc.library.ethz.ch/objects/pdf03/z01_978-2-406-08688-8_01.pdf</subfield></datafield></record>
</metadata></record>