<record><header><identifier>oai:alma.41SLSP_UGE:991000778809705502</identifier><datestamp>2024-03-01T01:18:57Z</datestamp><setSpec>uge_bcen_RapidILL_BOOK</setSpec><setSpec>uge_aaca_RapidILL_BOOK</setSpec><setSpec>uge_abels_RapidILL_BOOK</setSpec><setSpec>uge_dbu_RapidILL_BOOK</setSpec><setSpec>uge_cmu_RapidILL_BOOK</setSpec><setSpec>uge_mail_RapidILL_BOOK</setSpec><setSpec>uge_abbat_RapidILL_BOOK</setSpec><setSpec>UNIGE_ALL</setSpec><setSpec>uge_acar_RapidILL_BOOK</setSpec><setSpec>uge_aobs_RapidILL_BOOK</setSpec></header><metadata>
<record xmlns="http://www.loc.gov/MARC21/slim" xmlns:xsi="http://www.w3.org/2001/XMLSchema-instance" xsi:schemaLocation="http://www.loc.gov/MARC21/slim http://www.loc.gov/standards/marcxml/schema/MARC21slim.xsd"><leader>03919nam a2200913 ca4500</leader><controlfield tag="001">991000778809705502</controlfield><controlfield tag="005">20240229115319.0</controlfield><controlfield tag="008">201011s2012    gw ||||| |||| 00| ||ger d</controlfield><datafield ind1=" " ind2=" " tag="015"><subfield code="a">12,N02</subfield><subfield code="2">dnb</subfield></datafield><datafield ind1="7" ind2=" " tag="016"><subfield code="a">1018440577</subfield><subfield code="2">DE-101</subfield></datafield><datafield ind1=" " ind2=" " tag="020"><subfield code="a">3110184613</subfield></datafield><datafield ind1=" " ind2=" " tag="020"><subfield code="a">9783110184617</subfield><subfield code="c">399.00 EUR</subfield></datafield><datafield ind1=" " ind2=" " tag="020"><subfield code="a">9783110268348</subfield><subfield code="q">E-Book</subfield></datafield><datafield ind1="7" ind2=" " tag="024"><subfield code="a">http://catalogue.bnf.fr/ark:/12148/cb42692846n</subfield><subfield code="2">uri</subfield></datafield><datafield ind1=" " ind2=" " tag="035"><subfield code="a">(swissbib)230500056-41slsp_network</subfield></datafield><datafield ind1=" " ind2=" " tag="035"><subfield code="a">230500056</subfield><subfield code="9">ExL</subfield></datafield><datafield ind1=" " ind2=" " tag="035"><subfield code="a">(RERO)R007061681-41slsp</subfield></datafield><datafield ind1=" " ind2=" " tag="035"><subfield code="a">(IDSBB)005765189DSV01</subfield></datafield><datafield ind1=" " ind2=" " tag="035"><subfield code="a">(IDSLU)001074130ILU01</subfield></datafield><datafield ind1=" " ind2=" " tag="035"><subfield code="a">(NEBIS)006759167EBI01</subfield></datafield><datafield ind1=" " ind2=" " tag="035"><subfield code="a">(IDSSG)000564468HSB01</subfield></datafield><datafield ind1=" " ind2=" " tag="035"><subfield code="a">(DE-599)DNB1018440577</subfield></datafield><datafield ind1=" " ind2=" " tag="035"><subfield code="a">(OCoLC)761853635</subfield></datafield><datafield ind1=" " ind2=" " tag="035"><subfield code="a">(OCoLC) ocn761853635</subfield></datafield><datafield ind1=" " ind2=" " tag="035"><subfield code="a">(EXLNZ-41SLSP_NETWORK)991043647639705501</subfield></datafield><datafield ind1=" " ind2=" " tag="040"><subfield code="a">GyFmDB</subfield><subfield code="d">CH-ZuSLS</subfield></datafield><datafield ind1=" " ind2=" " tag="050"><subfield code="a">PT2613.E47</subfield><subfield code="b">Z93985 2012</subfield></datafield><datafield ind1=" " ind2="7" tag="072"><subfield code="a">al</subfield><subfield code="2">rero</subfield></datafield><datafield ind1=" " ind2="7" tag="072"><subfield code="a">nd</subfield><subfield code="2">SzZuIDS BS/BE</subfield></datafield><datafield ind1=" " ind2="7" tag="072"><subfield code="a">520</subfield><subfield code="2">IDS LU</subfield></datafield><datafield ind1="0" ind2="4" tag="082"><subfield code="a">831.8</subfield><subfield code="2">23</subfield></datafield><datafield ind1="0" ind2="4" tag="082"><subfield code="a">830</subfield></datafield><datafield ind1="1" ind2="4" tag="082"><subfield code="a">830</subfield><subfield code="2">15</subfield></datafield><datafield ind1=" " ind2=" " tag="084"><subfield code="a">430</subfield><subfield code="a">a</subfield><subfield code="a">onx</subfield><subfield code="a">2012-01-03</subfield><subfield code="2">sdnb</subfield></datafield><datafield ind1=" " ind2=" " tag="084"><subfield code="a">GM 1757</subfield><subfield code="2">rvk</subfield></datafield><datafield ind1=" " ind2=" " tag="084"><subfield code="a">GM 3204</subfield><subfield code="2">rvk</subfield></datafield><datafield ind1="0" ind2="0" tag="245"><subfield code="a">Stefan George und sein Kreis</subfield><subfield code="b">ein Handbuch</subfield><subfield code="c">hrsg. von Achim Aurnhammer ... [et al.] ; in Zusammenarb. mit Kai Kauffmann ; Red.: Birgit Wägenbaur</subfield></datafield><datafield ind1=" " ind2="1" tag="264"><subfield code="a">Berlin</subfield><subfield code="b">De Gruyter</subfield><subfield code="c">2012</subfield></datafield><datafield ind1=" " ind2=" " tag="300"><subfield code="a">3 Bd. (1868 S.)</subfield><subfield code="b">Ill.</subfield><subfield code="c">25 cm</subfield></datafield><datafield ind1=" " ind2=" " tag="336"><subfield code="b">txt</subfield><subfield code="2">rdacontent</subfield></datafield><datafield ind1=" " ind2=" " tag="337"><subfield code="b">n</subfield><subfield code="2">rdamedia</subfield></datafield><datafield ind1=" " ind2=" " tag="338"><subfield code="b">nc</subfield><subfield code="2">rdacarrier</subfield></datafield><datafield ind1=" " ind2=" " tag="504"><subfield code="a">Includes bibliographical references and indexes</subfield></datafield><datafield ind1=" " ind2=" " tag="520"><subfield code="a">Betr. u.a. Edith und Julius Landmann, Georg Peter Landmann, Michael Moritz Landmann, Edgar Salin, Wolfram von den Steinen, Alexander Zschokke</subfield><subfield code="5">ubs-A115</subfield></datafield><datafield ind1="1" ind2="7" tag="600"><subfield code="a">George, Stefan</subfield><subfield code="d">1868-1933</subfield><subfield code="0">(IDREF)026887991</subfield><subfield code="2">idref</subfield></datafield><datafield ind1="1" ind2="7" tag="600"><subfield code="a">George, Stefan - influence exercée</subfield><subfield code="0">(RERO)A010088419</subfield><subfield code="2">rero</subfield></datafield><datafield ind1="1" ind2="7" tag="600"><subfield code="a">George, Stefan - réception</subfield><subfield code="0">(RERO)A010088420</subfield><subfield code="2">rero</subfield></datafield><datafield ind1="1" ind2="0" tag="600"><subfield code="a">George, Stefan</subfield><subfield code="d">1868-1933</subfield></datafield><datafield ind1="1" ind2="0" tag="600"><subfield code="a">George, Stefan</subfield><subfield code="d">1868-1933</subfield><subfield code="x">Criticism and interpretation</subfield></datafield><datafield ind1="1" ind2="0" tag="600"><subfield code="a">George, Stefan</subfield><subfield code="d">1868-1933</subfield><subfield code="x">Friends and associates</subfield></datafield><datafield ind1="1" ind2="0" tag="600"><subfield code="a">George, Stefan</subfield><subfield code="d">1868-1933</subfield><subfield code="x">Influence</subfield></datafield><datafield ind1="1" ind2="0" tag="600"><subfield code="a">George, Stefan Anton</subfield><subfield code="d">1868-1933</subfield><subfield code="x">Friends and associates</subfield></datafield><datafield ind1="1" ind2="0" tag="600"><subfield code="a">George, Stefan Anton</subfield><subfield code="d">1868-1933</subfield><subfield code="x">Criticism and interpretation</subfield></datafield><datafield ind1="1" ind2="0" tag="600"><subfield code="a">George, Stefan Anton</subfield><subfield code="d">1868-1933</subfield><subfield code="x">Influence</subfield></datafield><datafield ind1="1" ind2="7" tag="600"><subfield code="a">George, Stefan</subfield><subfield code="d">1868-1933</subfield><subfield code="0">(DE-588)11853856X</subfield><subfield code="2">gnd</subfield></datafield><datafield ind1="2" ind2="7" tag="610"><subfield code="a">George-Kreis</subfield><subfield code="g">groupe</subfield><subfield code="g">....-1933</subfield><subfield code="0">(IDREF)158487877</subfield><subfield code="2">idref</subfield></datafield><datafield ind1=" " ind2="7" tag="650"><subfield code="a">Rezeption</subfield><subfield code="0">(DE-588)4049716-1</subfield><subfield code="2">gnd</subfield></datafield><datafield ind1=" " ind2="7" tag="650"><subfield code="a">Umkreis</subfield><subfield code="0">(DE-588)4211127-4</subfield><subfield code="2">gnd</subfield></datafield><datafield ind1=" " ind2="7" tag="650"><subfield code="a">George-Kreis</subfield><subfield code="0">(DE-588)4137996-2</subfield><subfield code="2">gnd</subfield></datafield><datafield ind1=" " ind2="7" tag="655"><subfield code="a">Handbuch</subfield><subfield code="2">idszbz</subfield></datafield><datafield ind1=" " ind2="7" tag="655"><subfield code="a">Aufsatzsammlung</subfield><subfield code="2">gnd-content</subfield></datafield><datafield ind1=" " ind2="7" tag="655"><subfield code="a">Biografie</subfield><subfield code="2">gnd-content</subfield></datafield><datafield ind1=" " ind2=" " tag="690"><subfield code="a">Landmann, Edith (1877-1951)</subfield><subfield code="2">ubs-AC</subfield></datafield><datafield ind1=" " ind2=" " tag="690"><subfield code="a">Landmann, Julius (1877-1931)</subfield><subfield code="2">ubs-AC</subfield></datafield><datafield ind1=" " ind2=" " tag="690"><subfield code="a">Landmann, Georg Peter (1905-1994)</subfield><subfield code="2">ubs-AC</subfield></datafield><datafield ind1=" " ind2=" " tag="690"><subfield code="a">Landmann, Michael Moritz (1913-1984)</subfield><subfield code="2">ubs-AC</subfield></datafield><datafield ind1=" " ind2=" " tag="690"><subfield code="a">Salin, Edgar</subfield><subfield code="2">ubs-AC</subfield></datafield><datafield ind1=" " ind2=" " tag="690"><subfield code="a">Steinen, Wolfram von den</subfield><subfield code="2">ubs-AC</subfield></datafield><datafield ind1=" " ind2=" " tag="690"><subfield code="a">Zschokke, Alexander (1894-1981)</subfield><subfield code="2">ubs-AC</subfield></datafield><datafield ind1=" " ind2=" " tag="691"><subfield code="e">3.5.3.3.1</subfield><subfield code="2">ubs-FA</subfield></datafield><datafield ind1="1" ind2=" " tag="700"><subfield code="a">Kauffmann, Kai</subfield><subfield code="d">1961-</subfield><subfield code="0">(RERO)A003444901</subfield></datafield><datafield ind1="1" ind2=" " tag="700"><subfield code="a">Wägenbaur, Birgit</subfield><subfield code="d">19..-....</subfield><subfield code="0">(IDREF)11159846X</subfield></datafield><datafield ind1="1" ind2=" " tag="700"><subfield code="a">Aurnhammer, Achim</subfield><subfield code="d">1952-</subfield><subfield code="0">(DE-588)128597585</subfield><subfield code="6">880-04</subfield></datafield><datafield ind1="1" ind2=" " tag="880"><subfield code="6">700-04</subfield><subfield code="a">Aurnhammer, Achim</subfield><subfield code="d">1952-....</subfield><subfield code="0">(IDREF)028848365</subfield></datafield><datafield ind1="4" ind2=" " tag="856"><subfield code="3">Titelblatt und Inhaltsverzeichnis</subfield><subfield code="u">https://toc.library.ethz.ch/objects/pdf/z01_978-3-11-018461-7_01.pdf</subfield><subfield code="q">pdf</subfield></datafield><datafield ind1="4" ind2=" " tag="856"><subfield code="u">https://deposit.dnb.de/cgi-bin/dokserv?id=3950627&amp;prov=M&amp;dok_var=1&amp;dok_ext=htm</subfield><subfield code="z">Inhaltstext</subfield></datafield><datafield ind1=" " ind2=" " tag="900"><subfield code="a">IDSZ2zbzmon201209e</subfield><subfield code="c">IDSZ2dome</subfield><subfield code="d">IDSZ2zbzswk201210b</subfield><subfield code="e">IDSZ2boxm</subfield></datafield><datafield ind1=" " ind2=" " tag="911"><subfield code="a">700</subfield><subfield code="a">Aurnhammer, Achim</subfield><subfield code="d">1952-</subfield></datafield><datafield ind1=" " ind2=" " tag="949"><subfield code="a">https://toc.library.ethz.ch/objects/pdf/z01_978-3-11-018461-7_01.pdf</subfield></datafield><datafield ind1=" " ind2=" " tag="949"><subfield code="a">https://deposit.dnb.de/cgi-bin/dokserv?id=3950627&amp;prov=M&amp;dok_var=1&amp;dok_ext=htm</subfield></datafield></record>
</metadata></record>