<record><header><identifier>oai:alma.41SLSP_UGE:991000769219705502</identifier><datestamp>2024-08-29T00:08:37Z</datestamp><setSpec>uge_bcen_RapidILL_BOOK</setSpec><setSpec>uge_aaca_RapidILL_BOOK</setSpec><setSpec>uge_abels_RapidILL_BOOK</setSpec><setSpec>uge_dbu_RapidILL_BOOK</setSpec><setSpec>uge_cmu_RapidILL_BOOK</setSpec><setSpec>uge_mail_RapidILL_BOOK</setSpec><setSpec>uge_abbat_RapidILL_BOOK</setSpec><setSpec>UNIGE_ALL</setSpec><setSpec>uge_aobs_RapidILL_BOOK</setSpec><setSpec>uge_acar_RapidILL_BOOK</setSpec></header><metadata>
<record xmlns="http://www.loc.gov/MARC21/slim" xmlns:xsi="http://www.w3.org/2001/XMLSchema-instance" xsi:schemaLocation="http://www.loc.gov/MARC21/slim http://www.loc.gov/standards/marcxml/schema/MARC21slim.xsd"><leader>01966nam a2200469 c 4500</leader><controlfield tag="001">991000769219705502</controlfield><controlfield tag="005">20240827205437.0</controlfield><controlfield tag="008">180301s2018    sz ||||| |||| 00| ||fre d</controlfield><datafield ind1=" " ind2=" " tag="020"><subfield code="a">9782940386451</subfield></datafield><datafield ind1=" " ind2=" " tag="035"><subfield code="a">(swissbib)124605206-41slsp_network</subfield></datafield><datafield ind1=" " ind2=" " tag="035"><subfield code="a">124605206</subfield><subfield code="9">ExL</subfield></datafield><datafield ind1=" " ind2=" " tag="035"><subfield code="a">(RERO)R008771439-41slsp</subfield></datafield><datafield ind1=" " ind2=" " tag="035"><subfield code="z">(swissbib)206396880-41slsp_network</subfield></datafield><datafield ind1=" " ind2=" " tag="035"><subfield code="a">(NEBIS)011172380EBI01</subfield></datafield><datafield ind1=" " ind2=" " tag="035"><subfield code="z">(CH-ZuSLS)991073493709705501</subfield></datafield><datafield ind1=" " ind2=" " tag="035"><subfield code="a">(EXLNZ-41SLSP_NETWORK)991079660479705501</subfield></datafield><datafield ind1=" " ind2=" " tag="040"><subfield code="a">RERO geuses</subfield><subfield code="d">CH-ZuSLS</subfield></datafield><datafield ind1=" " ind2=" " tag="044"><subfield code="a">sz</subfield><subfield code="c">ch-ge</subfield></datafield><datafield ind1=" " ind2="7" tag="072"><subfield code="a">so</subfield><subfield code="2">rero</subfield></datafield><datafield ind1="0" ind2="0" tag="245"><subfield code="a">&lt;&lt;La&gt;&gt; police en quête de transversalité</subfield><subfield code="b">chroniques de la réforme de la police genevoise de 2016</subfield><subfield code="c">éd. par Mathilde Bourrier et Leah Kimber ; Camila Andenmatten ... [et al.]</subfield></datafield><datafield ind1=" " ind2="1" tag="264"><subfield code="a">Genève</subfield><subfield code="b">Université de Genève</subfield><subfield code="c">2018</subfield></datafield><datafield ind1=" " ind2=" " tag="300"><subfield code="a">322 p.</subfield><subfield code="c">21 cm</subfield></datafield><datafield ind1=" " ind2=" " tag="336"><subfield code="b">txt</subfield><subfield code="2">rdacontent</subfield></datafield><datafield ind1=" " ind2=" " tag="337"><subfield code="b">n</subfield><subfield code="2">rdamedia</subfield></datafield><datafield ind1=" " ind2=" " tag="338"><subfield code="b">nc</subfield><subfield code="2">rdacarrier</subfield></datafield><datafield ind1="1" ind2=" " tag="490"><subfield code="a">Sociograph</subfield><subfield code="v">no 36</subfield></datafield><datafield ind1="2" ind2="7" tag="610"><subfield code="a">Police cantonale de Genève</subfield><subfield code="0">(DE-588)4844491-1</subfield><subfield code="2">gnd</subfield></datafield><datafield ind1=" " ind2="7" tag="648"><subfield code="a">Geschichte 2016</subfield><subfield code="2">gnd</subfield></datafield><datafield ind1=" " ind2="7" tag="650"><subfield code="a">Polizei</subfield><subfield code="0">(DE-588)4046595-0</subfield><subfield code="2">gnd</subfield></datafield><datafield ind1=" " ind2="7" tag="650"><subfield code="a">Reform</subfield><subfield code="0">(DE-588)4115716-3</subfield><subfield code="2">gnd</subfield></datafield><datafield ind1=" " ind2="7" tag="650"><subfield code="a">Recherche</subfield><subfield code="0">(IDREF)027315754</subfield><subfield code="2">idref</subfield></datafield><datafield ind1=" " ind2="7" tag="650"><subfield code="a">Sciences sociales</subfield><subfield code="0">(IDREF)027248321</subfield><subfield code="2">idref</subfield></datafield><datafield ind1=" " ind2="7" tag="651"><subfield code="a">Kanton Genf</subfield><subfield code="0">(DE-588)4020138-7</subfield><subfield code="2">gnd</subfield></datafield><datafield ind1=" " ind2="7" tag="651"><subfield code="a">Genève (Suisse ; canton)</subfield><subfield code="0">(IDREF)030575257</subfield><subfield code="2">idref</subfield></datafield><datafield ind1=" " ind2="7" tag="655"><subfield code="a">Umfrage</subfield><subfield code="2">gnd-content</subfield></datafield><datafield ind1="1" ind2=" " tag="700"><subfield code="6">880-01</subfield><subfield code="a">Bourrier, Mathilde</subfield><subfield code="d">1966-....</subfield><subfield code="0">(IDREF)050680501</subfield><subfield code="4">edt</subfield></datafield><datafield ind1="1" ind2=" " tag="880"><subfield code="6">700-01/(B</subfield><subfield code="a">Bourrier, Mathilde</subfield><subfield code="d">1966-</subfield><subfield code="4">edt</subfield><subfield code="0">(DE-588)1102165794</subfield></datafield><datafield ind1="1" ind2=" " tag="700"><subfield code="6">880-02</subfield><subfield code="a">Andenmatten, Camila</subfield><subfield code="0">(RERO)A027518852</subfield><subfield code="4">edt</subfield></datafield><datafield ind1="1" ind2=" " tag="880"><subfield code="6">700-02/(B</subfield><subfield code="a">Andenmatten, Camila</subfield><subfield code="4">edt</subfield></datafield><datafield ind1=" " ind2=" " tag="830"><subfield code="a">Sociograph</subfield><subfield code="v">36</subfield><subfield code="w">(RERO)R004480526-41slsp</subfield></datafield><datafield ind1="4" ind2=" " tag="856"><subfield code="3">Titelblatt und Inhaltsverzeichnis</subfield><subfield code="u">https://toc.library.ethz.ch/objects/pdf03/e19_978-2-940386-45-1_01.pdf</subfield><subfield code="q">pdf</subfield></datafield><datafield ind1=" " ind2=" " tag="900"><subfield code="a">REROnoselfmerge</subfield></datafield><datafield ind1=" " ind2=" " tag="949"><subfield code="a">https://toc.library.ethz.ch/objects/pdf03/e19_978-2-940386-45-1_01.pdf</subfield></datafield></record>
</metadata></record>