<record><header><identifier>oai:alma.41SLSP_UGE:991000778009705502</identifier><datestamp>2023-03-01T01:09:43Z</datestamp><setSpec>uge_bcen_RapidILL_BOOK</setSpec><setSpec>uge_aaca_RapidILL_BOOK</setSpec><setSpec>uge_abels_RapidILL_BOOK</setSpec><setSpec>uge_dbu_RapidILL_BOOK</setSpec><setSpec>uge_cmu_RapidILL_BOOK</setSpec><setSpec>uge_mail_RapidILL_BOOK</setSpec><setSpec>UNIGE_ALL</setSpec><setSpec>uge_abbat_RapidILL_BOOK</setSpec><setSpec>uge_acar_RapidILL_BOOK</setSpec><setSpec>uge_aobs_RapidILL_BOOK</setSpec></header><metadata>
<record xmlns="http://www.loc.gov/MARC21/slim" xmlns:xsi="http://www.w3.org/2001/XMLSchema-instance" xsi:schemaLocation="http://www.loc.gov/MARC21/slim http://www.loc.gov/standards/marcxml/schema/MARC21slim.xsd"><leader>02374nam a2200469 c 4500</leader><controlfield tag="001">991000778009705502</controlfield><controlfield tag="005">20230128195658.0</controlfield><controlfield tag="008">201011s1963    fr ||||| |||| 00| ||fre d</controlfield><datafield ind1="7" ind2=" " tag="024"><subfield code="a">http://catalogue.bnf.fr/ark:/12148/cb32941434p</subfield><subfield code="2">uri</subfield></datafield><datafield ind1=" " ind2=" " tag="035"><subfield code="a">(swissbib)226270505-41slsp_network</subfield></datafield><datafield ind1=" " ind2=" " tag="035"><subfield code="a">226270505</subfield><subfield code="9">ExL</subfield></datafield><datafield ind1=" " ind2=" " tag="035"><subfield code="a">(RERO)0781810-41slsp</subfield></datafield><datafield ind1=" " ind2=" " tag="035"><subfield code="a">(NEBIS)001850139EBI01</subfield></datafield><datafield ind1=" " ind2=" " tag="035"><subfield code="a">(EXLNZ-41SLSP_NETWORK)991087592519705501</subfield></datafield><datafield ind1=" " ind2=" " tag="040"><subfield code="a">RERO geudbu</subfield><subfield code="d">CH-ZuSLS</subfield></datafield><datafield ind1="1" ind2=" " tag="041"><subfield code="a">fre</subfield><subfield code="h">eng</subfield></datafield><datafield ind1=" " ind2="7" tag="072"><subfield code="a">ur</subfield><subfield code="2">rero</subfield></datafield><datafield ind1="1" ind2=" " tag="100"><subfield code="6">880-01</subfield><subfield code="a">Carson, Rachel Louise</subfield><subfield code="d">1907-1964</subfield><subfield code="0">(IDREF)026769360</subfield><subfield code="4">cre</subfield></datafield><datafield ind1="1" ind2=" " tag="880"><subfield code="a">Carson, Rachel</subfield><subfield code="d">1907-1964</subfield><subfield code="0">(DE-588)118667300</subfield><subfield code="6">100-01</subfield></datafield><datafield ind1="1" ind2="0" tag="245"><subfield code="a">Printemps silencieux</subfield><subfield code="c">Rachel Carson ; trad. de l'anglais par Jean-François Gravrand ; préf. de Roger Heim</subfield></datafield><datafield ind1="1" ind2=" " tag="246"><subfield code="a">Silent spring</subfield></datafield><datafield ind1=" " ind2="1" tag="264"><subfield code="a">Paris</subfield><subfield code="b">Plon</subfield><subfield code="c">1963</subfield></datafield><datafield ind1=" " ind2=" " tag="300"><subfield code="a">283 p.</subfield><subfield code="c">22 cm</subfield></datafield><datafield ind1=" " ind2=" " tag="336"><subfield code="b">txt</subfield><subfield code="2">rdacontent</subfield></datafield><datafield ind1=" " ind2=" " tag="337"><subfield code="b">n</subfield><subfield code="2">rdamedia</subfield></datafield><datafield ind1=" " ind2=" " tag="338"><subfield code="b">nc</subfield><subfield code="2">rdacarrier</subfield></datafield><datafield ind1=" " ind2=" " tag="500"><subfield code="a">Traduit de: Silent spring</subfield></datafield><datafield ind1=" " ind2=" " tag="500"><subfield code="a">Cet ouvrage a paru en langue anglaise sous le titre: Silent spring</subfield></datafield><datafield ind1=" " ind2="7" tag="650"><subfield code="a">Environnement</subfield><subfield code="0">(IDREF)027772616</subfield><subfield code="2">idref</subfield></datafield><datafield ind1=" " ind2="7" tag="650"><subfield code="a">Pollution</subfield><subfield code="0">(IDREF)027243206</subfield><subfield code="2">idref</subfield></datafield><datafield ind1=" " ind2="7" tag="650"><subfield code="a">BEKÄMPFUNG VON PFLANZENKRANKHEITEN UND -SCHÄDLINGEN (PFLANZENSCHUTZ)</subfield><subfield code="9">ger</subfield><subfield code="0">(ETHUDK)000031338</subfield><subfield code="2">ethudk</subfield></datafield><datafield ind1=" " ind2="7" tag="650"><subfield code="a">BEVÖLKERUNGSZUWACHS (STATISTIK)</subfield><subfield code="9">ger</subfield><subfield code="0">(ETHUDK)000010094</subfield><subfield code="2">ethudk</subfield></datafield><datafield ind1=" " ind2="7" tag="650"><subfield code="a">ERNÄHRUNGSPROBLEM + ERNÄHRUNGSSICHERUNG</subfield><subfield code="9">ger</subfield><subfield code="0">(ETHUDK)000010711</subfield><subfield code="2">ethudk</subfield></datafield><datafield ind1=" " ind2="7" tag="650"><subfield code="a">GEFÄHRDUNG, BELASTUNG, ZERSTÖRUNG DER PFLANZEN UND PFLANZENWELT (UMWELTPROBLEME)</subfield><subfield code="9">ger</subfield><subfield code="0">(ETHUDK)000012456</subfield><subfield code="2">ethudk</subfield></datafield><datafield ind1=" " ind2="7" tag="650"><subfield code="a">GEFÄHRDUNG, BELASTUNG, ZERSTÖRUNG DER TIERWELT (UMWELTPROBLEME)</subfield><subfield code="9">ger</subfield><subfield code="0">(ETHUDK)000012457</subfield><subfield code="2">ethudk</subfield></datafield><datafield ind1=" " ind2="7" tag="650"><subfield code="a">GESUNDHEITSRISIKEN + GESUNDHEITSGEFÄHRDUNGEN</subfield><subfield code="9">ger</subfield><subfield code="0">(ETHUDK)000026386</subfield><subfield code="2">ethudk</subfield></datafield><datafield ind1=" " ind2="7" tag="650"><subfield code="a">MENSCHLICH BEDINGTE UMWELTBELASTUNG</subfield><subfield code="9">ger</subfield><subfield code="0">(ETHUDK)000012404</subfield><subfield code="2">ethudk</subfield></datafield><datafield ind1=" " ind2="7" tag="650"><subfield code="a">PESTIZIDE + PFLANZENSCHUTZMITTEL</subfield><subfield code="9">ger</subfield><subfield code="0">(ETHUDK)000031370</subfield><subfield code="2">ethudk</subfield></datafield><datafield ind1=" " ind2="7" tag="650"><subfield code="a">UMWELTSCHÄDEN DURCH LANDWIRTSCHAFT (UMWELTPROBLEME)</subfield><subfield code="9">ger</subfield><subfield code="0">(ETHUDK)000012406</subfield><subfield code="2">ethudk</subfield></datafield><datafield ind1=" " ind2="7" tag="650"><subfield code="a">UNGEWOLLTE AUSWIRKUNGEN DER SCHÄDLINGSBEKÄMPFUNG + TOXIKOLOGIE VON PESTIZIDEN</subfield><subfield code="9">ger</subfield><subfield code="0">(ETHUDK)000031373</subfield><subfield code="2">ethudk</subfield></datafield><datafield ind1="1" ind2=" " tag="700"><subfield code="a">Heim, Roger</subfield></datafield><datafield ind1="1" ind2=" " tag="700"><subfield code="a">Gravrand, Jean-François</subfield><subfield code="0">(RERO)A003315983</subfield></datafield><datafield ind1=" " ind2=" " tag="900"><subfield code="a">REROnoselfmerge</subfield></datafield></record>
</metadata></record>