<record><header><identifier>oai:alma.41SLSP_UGE:991000768799705502</identifier><datestamp>2023-03-01T01:09:43Z</datestamp><setSpec>uge_bcen_RapidILL_BOOK</setSpec><setSpec>uge_aaca_RapidILL_BOOK</setSpec><setSpec>uge_abels_RapidILL_BOOK</setSpec><setSpec>uge_dbu_RapidILL_BOOK</setSpec><setSpec>uge_cmu_RapidILL_BOOK</setSpec><setSpec>uge_mail_RapidILL_BOOK</setSpec><setSpec>UNIGE_ALL</setSpec><setSpec>uge_abbat_RapidILL_BOOK</setSpec><setSpec>uge_aobs_RapidILL_BOOK</setSpec><setSpec>uge_acar_RapidILL_BOOK</setSpec></header><metadata>
<record xmlns="http://www.loc.gov/MARC21/slim" xmlns:xsi="http://www.w3.org/2001/XMLSchema-instance" xsi:schemaLocation="http://www.loc.gov/MARC21/slim http://www.loc.gov/standards/marcxml/schema/MARC21slim.xsd"><leader>00992nam a2200277 c 4500</leader><controlfield tag="001">991000768799705502</controlfield><controlfield tag="005">20201225165337.0</controlfield><controlfield tag="008">001004s1981    fr ||||| |||| 00| ||fre d</controlfield><datafield ind1=" " ind2=" " tag="020"><subfield code="a">2220023540</subfield></datafield><datafield ind1=" " ind2=" " tag="035"><subfield code="a">(swissbib)07937283X-41slsp_network</subfield></datafield><datafield ind1=" " ind2=" " tag="035"><subfield code="a">07937283X</subfield><subfield code="9">ExL</subfield></datafield><datafield ind1=" " ind2=" " tag="035"><subfield code="a">(RERO)0493058-41slsp</subfield></datafield><datafield ind1=" " ind2=" " tag="035"><subfield code="a">(EXLNZ-41SLSP_NETWORK)991062484819705501</subfield></datafield><datafield ind1=" " ind2=" " tag="040"><subfield code="a">RERO</subfield><subfield code="d">CH-ZuSLS</subfield></datafield><datafield ind1="1" ind2=" " tag="041"><subfield code="a">fre</subfield><subfield code="h">lat</subfield></datafield><datafield ind1=" " ind2="7" tag="072"><subfield code="a">th</subfield><subfield code="2">rero</subfield></datafield><datafield ind1="0" ind2=" " tag="100"><subfield code="a">Hilarius</subfield><subfield code="c">évêque de Poitiers, saint</subfield><subfield code="0">(RERO)A000080350</subfield><subfield code="4">cre</subfield></datafield><datafield ind1="1" ind2="0" tag="245"><subfield code="a">&lt;&lt;La&gt;&gt; Trinité</subfield><subfield code="n">2</subfield><subfield code="p">Le fils de Dieu</subfield><subfield code="c">Hilaire de Poitiers ; introd. de Albertus Martin ; trad. de A. Martin ; avec la collab. de Luc Brésard</subfield></datafield><datafield ind1=" " ind2="1" tag="264"><subfield code="a">[Paris]</subfield><subfield code="b">Desclée De Brouwer</subfield><subfield code="c">1981</subfield></datafield><datafield ind1=" " ind2=" " tag="300"><subfield code="a">242 p.</subfield><subfield code="c">20 cm</subfield></datafield><datafield ind1=" " ind2=" " tag="336"><subfield code="b">txt</subfield><subfield code="2">rdacontent</subfield></datafield><datafield ind1=" " ind2=" " tag="337"><subfield code="b">n</subfield><subfield code="2">rdamedia</subfield></datafield><datafield ind1=" " ind2=" " tag="338"><subfield code="b">nc</subfield><subfield code="2">rdacarrier</subfield></datafield><datafield ind1="1" ind2=" " tag="490"><subfield code="a">Les Pères dans la foi</subfield><subfield code="v">[20]</subfield></datafield><datafield ind1="0" ind2=" " tag="800"><subfield code="a">Hilarius</subfield><subfield code="c">évêque de Poitiers, saint</subfield><subfield code="t">&lt;&lt;La&gt;&gt; Trinité</subfield><subfield code="v">2</subfield></datafield><datafield ind1=" " ind2=" " tag="830"><subfield code="a">&lt;&lt;Les&gt;&gt; pères dans la foi</subfield><subfield code="v">20</subfield><subfield code="w">(RERO)0150995-41slsp</subfield></datafield><datafield ind1=" " ind2=" " tag="900"><subfield code="a">REROnoselfmerge</subfield></datafield></record>
</metadata></record>