<record><header><identifier>oai:alma.41SLSP_UGE:991000778529705502</identifier><datestamp>2023-03-01T01:09:43Z</datestamp><setSpec>uge_bcen_RapidILL_BOOK</setSpec><setSpec>uge_aaca_RapidILL_BOOK</setSpec><setSpec>uge_abels_RapidILL_BOOK</setSpec><setSpec>uge_dbu_RapidILL_BOOK</setSpec><setSpec>uge_cmu_RapidILL_BOOK</setSpec><setSpec>uge_mail_RapidILL_BOOK</setSpec><setSpec>uge_abbat_RapidILL_BOOK</setSpec><setSpec>UNIGE_ALL</setSpec><setSpec>uge_acar_RapidILL_BOOK</setSpec><setSpec>uge_aobs_RapidILL_BOOK</setSpec></header><metadata>
<record xmlns="http://www.loc.gov/MARC21/slim" xmlns:xsi="http://www.w3.org/2001/XMLSchema-instance" xsi:schemaLocation="http://www.loc.gov/MARC21/slim http://www.loc.gov/standards/marcxml/schema/MARC21slim.xsd"><leader>02748nam a2200709 c 4500</leader><controlfield tag="001">991000778529705502</controlfield><controlfield tag="005">20230227192432.0</controlfield><controlfield tag="008">201011t19871987xxu||||| |||| 00| ||eng d</controlfield><datafield ind1=" " ind2=" " tag="020"><subfield code="a">080141928X</subfield></datafield><datafield ind1=" " ind2=" " tag="035"><subfield code="a">(swissbib)223818240-41slsp_network</subfield></datafield><datafield ind1=" " ind2=" " tag="035"><subfield code="a">223818240</subfield><subfield code="9">ExL</subfield></datafield><datafield ind1=" " ind2=" " tag="035"><subfield code="a">(RERO)0996213-41slsp</subfield></datafield><datafield ind1=" " ind2=" " tag="035"><subfield code="a">(NEBIS)004933499EBI01</subfield></datafield><datafield ind1=" " ind2=" " tag="035"><subfield code="a">(IDSBB)000597321DSV01</subfield></datafield><datafield ind1=" " ind2=" " tag="035"><subfield code="a">(EXLNZ-41SLSP_NETWORK)991093038709705501</subfield></datafield><datafield ind1=" " ind2=" " tag="040"><subfield code="a">RERO geulan</subfield><subfield code="d">CH-ZuSLS</subfield></datafield><datafield ind1=" " ind2=" " tag="044"><subfield code="a">xxu</subfield><subfield code="a">xxk</subfield></datafield><datafield ind1=" " ind2="7" tag="072"><subfield code="a">an</subfield><subfield code="2">rero</subfield></datafield><datafield ind1=" " ind2="7" tag="072"><subfield code="a">an</subfield><subfield code="2">SzZuIDS BS/BE</subfield></datafield><datafield ind1="0" ind2="0" tag="082"><subfield code="a">823/.009/353</subfield><subfield code="2">19</subfield></datafield><datafield ind1="1" ind2="4" tag="082"><subfield code="a">828.009353</subfield></datafield><datafield ind1=" " ind2=" " tag="084"><subfield code="a">HG 431</subfield><subfield code="2">rvk</subfield></datafield><datafield ind1=" " ind2=" " tag="084"><subfield code="a">HG 680</subfield><subfield code="2">rvk</subfield></datafield><datafield ind1=" " ind2=" " tag="084"><subfield code="a">HK 1274</subfield><subfield code="2">rvk</subfield></datafield><datafield ind1=" " ind2=" " tag="084"><subfield code="a">HK 2095</subfield><subfield code="2">rvk</subfield></datafield><datafield ind1="1" ind2=" " tag="100"><subfield code="a">Boheemen-Saaf, Christine van</subfield><subfield code="0">(IDREF)029063353</subfield><subfield code="4">cre</subfield></datafield><datafield ind1="1" ind2="0" tag="245"><subfield code="a">&lt;&lt;The&gt;&gt; novel as family romance</subfield><subfield code="b">language, gender and authority from Fielding to Joyce</subfield><subfield code="c">Christine van Boheemen</subfield></datafield><datafield ind1=" " ind2="1" tag="264"><subfield code="a">Ithaca</subfield><subfield code="a">London</subfield><subfield code="b">Cornell Univ. Press</subfield><subfield code="c">1987</subfield></datafield><datafield ind1=" " ind2="4" tag="264"><subfield code="c">© 1987</subfield></datafield><datafield ind1=" " ind2=" " tag="300"><subfield code="a">XI, 221 p.</subfield><subfield code="b">ill.</subfield><subfield code="c">24 cm</subfield></datafield><datafield ind1=" " ind2=" " tag="336"><subfield code="b">txt</subfield><subfield code="2">rdacontent</subfield></datafield><datafield ind1=" " ind2=" " tag="337"><subfield code="b">n</subfield><subfield code="2">rdamedia</subfield></datafield><datafield ind1=" " ind2=" " tag="338"><subfield code="b">nc</subfield><subfield code="2">rdacarrier</subfield></datafield><datafield ind1="1" ind2=" " tag="490"><subfield code="a">Croom Helm linguistics series</subfield></datafield><datafield ind1="1" ind2="7" tag="600"><subfield code="a">Dickens, Charles</subfield><subfield code="d">1812-1870</subfield><subfield code="t">Bleak House</subfield><subfield code="0">(DE-588)4225150-3</subfield><subfield code="2">gnd</subfield></datafield><datafield ind1="1" ind2="7" tag="600"><subfield code="a">Fielding, Henry</subfield><subfield code="d">1707-1754</subfield><subfield code="t">&lt;&lt;The&gt;&gt; history of Tom Jones, a foundling</subfield><subfield code="0">(DE-588)4099180-5</subfield><subfield code="2">gnd</subfield></datafield><datafield ind1="1" ind2="7" tag="600"><subfield code="a">Joyce, James</subfield><subfield code="d">1882-1941</subfield><subfield code="t">Ulysses</subfield><subfield code="0">(DE-588)4099246-9</subfield><subfield code="2">gnd</subfield></datafield><datafield ind1="1" ind2="0" tag="600"><subfield code="a">Dickens, Charles</subfield><subfield code="d">1812-1870</subfield><subfield code="t">Bleak House</subfield></datafield><datafield ind1="1" ind2="0" tag="600"><subfield code="a">Fielding, Henry</subfield><subfield code="d">1707-1754</subfield><subfield code="t">History of Tom Jones</subfield></datafield><datafield ind1="1" ind2="0" tag="600"><subfield code="a">Joyce, James</subfield><subfield code="d">1882-1941</subfield><subfield code="t">Ulysses</subfield></datafield><datafield ind1=" " ind2="7" tag="648"><subfield code="a">Geschichte 1700-1940</subfield><subfield code="2">gnd</subfield></datafield><datafield ind1=" " ind2="7" tag="648"><subfield code="a">Geschichte 1749-1922</subfield><subfield code="2">gnd</subfield></datafield><datafield ind1=" " ind2="7" tag="650"><subfield code="a">Famille</subfield><subfield code="0">(IDREF)027258556</subfield><subfield code="2">idref</subfield></datafield><datafield ind1=" " ind2="7" tag="650"><subfield code="a">Roman anglais</subfield><subfield code="0">(IDREF)028221052</subfield><subfield code="2">idref</subfield></datafield><datafield ind1=" " ind2="7" tag="650"><subfield code="a">19e siècle-20e siècle (1re moitié)</subfield><subfield code="0">(RERO)A022528499</subfield><subfield code="2">rero</subfield></datafield><datafield ind1=" " ind2="7" tag="650"><subfield code="a">Englisch</subfield><subfield code="0">(DE-588)4014777-0</subfield><subfield code="2">gnd</subfield></datafield><datafield ind1=" " ind2="7" tag="650"><subfield code="a">Roman</subfield><subfield code="0">(DE-588)4050479-7</subfield><subfield code="2">gnd</subfield></datafield><datafield ind1=" " ind2="0" tag="650"><subfield code="a">Authority in literature</subfield></datafield><datafield ind1=" " ind2="0" tag="650"><subfield code="a">English fiction</subfield><subfield code="x">History and criticism</subfield></datafield><datafield ind1=" " ind2="0" tag="650"><subfield code="a">Families in literature</subfield></datafield><datafield ind1=" " ind2="0" tag="650"><subfield code="a">Patriarchy in literature</subfield></datafield><datafield ind1=" " ind2="0" tag="650"><subfield code="a">Patriarichy in literature</subfield></datafield><datafield ind1=" " ind2="0" tag="650"><subfield code="a">Psychoanalysis and literature</subfield></datafield><datafield ind1=" " ind2="0" tag="650"><subfield code="a">Psychoanalysis and literature</subfield><subfield code="z">Great Britain</subfield></datafield><datafield ind1=" " ind2="0" tag="650"><subfield code="a">Psychoanalysis and literature</subfield><subfield code="z">Ireland</subfield></datafield><datafield ind1=" " ind2="7" tag="650"><subfield code="a">Roman</subfield><subfield code="z">englischer</subfield><subfield code="x">Narrativik</subfield><subfield code="2">idsbb</subfield></datafield><datafield ind1=" " ind2="7" tag="650"><subfield code="a">Narrativik</subfield><subfield code="x">Roman</subfield><subfield code="z">englischer</subfield><subfield code="2">idsbb</subfield></datafield><datafield ind1=" " ind2=" " tag="690"><subfield code="a">Englische Romane / Geschichte, Kritik / Einzelnes</subfield><subfield code="2">uzb-Z9</subfield></datafield><datafield ind1="1" ind2=" " tag="700"><subfield code="a">Boheemen-Saaf, Christine &lt;&lt;van&gt;&gt;</subfield><subfield code="0">(DE-588)151440840</subfield></datafield><datafield ind1="1" ind2=" " tag="700"><subfield code="a">Boheemen-Saaf, Christine &lt;&lt;van&gt;&gt;</subfield><subfield code="0">(DE-588)139829717</subfield></datafield><datafield ind1=" " ind2=" " tag="830"><subfield code="a">Croom Helm linguistics series</subfield><subfield code="w">(RERO)0355020-41slsp</subfield></datafield><datafield ind1=" " ind2=" " tag="900"><subfield code="a">REROnoselfmerge</subfield></datafield><datafield ind1=" " ind2=" " tag="900"><subfield code="a">IDSZ2esmon200910r</subfield><subfield code="c">IDSZ2fumo</subfield></datafield></record>
</metadata></record>