<record><header><identifier>oai:alma.41SLSP_UGE:991000769409705502</identifier><datestamp>2024-09-06T00:08:17Z</datestamp><setSpec>uge_bcen_RapidILL_BOOK</setSpec><setSpec>uge_aaca_RapidILL_BOOK</setSpec><setSpec>uge_abels_RapidILL_BOOK</setSpec><setSpec>uge_dbu_RapidILL_BOOK</setSpec><setSpec>uge_cmu_RapidILL_BOOK</setSpec><setSpec>uge_mail_RapidILL_BOOK</setSpec><setSpec>uge_abbat_RapidILL_BOOK</setSpec><setSpec>UNIGE_ALL</setSpec><setSpec>uge_acar_RapidILL_BOOK</setSpec><setSpec>uge_aobs_RapidILL_BOOK</setSpec></header><metadata>
<record xmlns="http://www.loc.gov/MARC21/slim" xmlns:xsi="http://www.w3.org/2001/XMLSchema-instance" xsi:schemaLocation="http://www.loc.gov/MARC21/slim http://www.loc.gov/standards/marcxml/schema/MARC21slim.xsd"><leader>01010nam a2200277 c 4500</leader><controlfield tag="001">991000769409705502</controlfield><controlfield tag="005">20201126045507.0</controlfield><controlfield tag="008">100108s2009    sp ||||| |||| 00| ||spa d</controlfield><datafield ind1=" " ind2=" " tag="020"><subfield code="a">9788496452794</subfield></datafield><datafield ind1=" " ind2=" " tag="035"><subfield code="a">(swissbib)10984694X-41slsp_network</subfield></datafield><datafield ind1=" " ind2=" " tag="035"><subfield code="a">10984694X</subfield><subfield code="9">ExL</subfield></datafield><datafield ind1=" " ind2=" " tag="035"><subfield code="a">(RERO)R005366169-41slsp</subfield></datafield><datafield ind1=" " ind2=" " tag="035"><subfield code="a">(EXLNZ-41SLSP_NETWORK)991091324299705501</subfield></datafield><datafield ind1=" " ind2=" " tag="040"><subfield code="a">RERO frbcuc</subfield><subfield code="d">CH-ZuSLS</subfield></datafield><datafield ind1=" " ind2="7" tag="072"><subfield code="a">es</subfield><subfield code="2">rero</subfield></datafield><datafield ind1="1" ind2=" " tag="080"><subfield code="a">860&quot;19&quot;UNA1</subfield></datafield><datafield ind1="1" ind2=" " tag="100"><subfield code="a">Unamuno, Miguel de</subfield><subfield code="c">écrivain</subfield><subfield code="d">1864-1936</subfield><subfield code="0">(IDREF)02810093X</subfield><subfield code="4">cre</subfield></datafield><datafield ind1="1" ind2="0" tag="245"><subfield code="a">Obras completas</subfield><subfield code="c">Miguel de Unamuno ; ed. de Ricardo Senabre.</subfield><subfield code="n">10</subfield><subfield code="p">Vida de Don Quijote y Sancho ; Del sentimiento trágico de la vida ; La agonía del cristianismo ; Prólogos ; Aforismos y definiciones</subfield></datafield><datafield ind1=" " ind2="1" tag="264"><subfield code="a">Madrid</subfield><subfield code="b">Fundación José Antonio de Castro</subfield><subfield code="c">2009</subfield></datafield><datafield ind1=" " ind2=" " tag="300"><subfield code="a">930 p.</subfield></datafield><datafield ind1=" " ind2=" " tag="336"><subfield code="b">txt</subfield><subfield code="2">rdacontent</subfield></datafield><datafield ind1=" " ind2=" " tag="337"><subfield code="b">n</subfield><subfield code="2">rdamedia</subfield></datafield><datafield ind1=" " ind2=" " tag="338"><subfield code="b">nc</subfield><subfield code="2">rdacarrier</subfield></datafield><datafield ind1="0" ind2=" " tag="490"><subfield code="a">Biblioteca Castro</subfield></datafield><datafield ind1="1" ind2=" " tag="700"><subfield code="a">Senabre, Ricardo</subfield><subfield code="0">(IDREF)028335651</subfield></datafield><datafield ind1="1" ind2=" " tag="800"><subfield code="a">Unamuno, Miguel de</subfield><subfield code="t">Obras completas</subfield><subfield code="v">10</subfield></datafield><datafield ind1=" " ind2=" " tag="900"><subfield code="a">REROnoselfmerge</subfield></datafield><datafield ind1=" " ind2=" " tag="993"><subfield code="a">BFLA 101422/10</subfield><subfield code="x">ge/ules/a/09/446</subfield><subfield code="9">LOCAL</subfield></datafield></record>
</metadata></record>