<record><header><identifier>oai:alma.41SLSP_UGE:991000769199705502</identifier><datestamp>2023-03-01T01:09:43Z</datestamp><setSpec>uge_bcen_RapidILL_BOOK</setSpec><setSpec>uge_aaca_RapidILL_BOOK</setSpec><setSpec>uge_abels_RapidILL_BOOK</setSpec><setSpec>uge_dbu_RapidILL_BOOK</setSpec><setSpec>uge_cmu_RapidILL_BOOK</setSpec><setSpec>uge_mail_RapidILL_BOOK</setSpec><setSpec>UNIGE_ALL</setSpec><setSpec>uge_abbat_RapidILL_BOOK</setSpec><setSpec>uge_acar_RapidILL_BOOK</setSpec><setSpec>uge_aobs_RapidILL_BOOK</setSpec></header><metadata>
<record xmlns="http://www.loc.gov/MARC21/slim" xmlns:xsi="http://www.w3.org/2001/XMLSchema-instance" xsi:schemaLocation="http://www.loc.gov/MARC21/slim http://www.loc.gov/standards/marcxml/schema/MARC21slim.xsd"><leader>00969nam a2200289 c 4500</leader><controlfield tag="001">991000769199705502</controlfield><controlfield tag="005">20230214202511.0</controlfield><controlfield tag="008">000909s1961    fr ||||| |||| 00| ||fre d</controlfield><datafield ind1=" " ind2=" " tag="035"><subfield code="a">(swissbib)092317146-41slsp_network</subfield></datafield><datafield ind1=" " ind2=" " tag="035"><subfield code="a">092317146</subfield><subfield code="9">ExL</subfield></datafield><datafield ind1=" " ind2=" " tag="035"><subfield code="a">(RERO)R216413660-41slsp</subfield></datafield><datafield ind1=" " ind2=" " tag="035"><subfield code="a">(EXLNZ-41SLSP_NETWORK)991139632769705501</subfield></datafield><datafield ind1=" " ind2=" " tag="040"><subfield code="a">RERO geveth</subfield><subfield code="d">CH-ZuSLS</subfield></datafield><datafield ind1=" " ind2="7" tag="072"><subfield code="a">go</subfield><subfield code="2">rero</subfield></datafield><datafield ind1=" " ind2="7" tag="072"><subfield code="a">se</subfield><subfield code="2">rero</subfield></datafield><datafield ind1="1" ind2=" " tag="100"><subfield code="a">Beaujeu-Garnier, Jacqueline</subfield><subfield code="d">1917-1995</subfield><subfield code="0">(IDREF)026712377</subfield><subfield code="4">cre</subfield></datafield><datafield ind1="1" ind2="0" tag="245"><subfield code="a">&lt;&lt;L'&gt;&gt;économie du Moyen-Orient</subfield><subfield code="c">par J. Beaujeu-Garnier</subfield></datafield><datafield ind1=" " ind2=" " tag="250"><subfield code="a">2e éd</subfield></datafield><datafield ind1=" " ind2="1" tag="264"><subfield code="a">Paris</subfield><subfield code="b">Presses universitaires de France</subfield><subfield code="c">1961</subfield></datafield><datafield ind1=" " ind2=" " tag="300"><subfield code="a">126 p.</subfield><subfield code="b">ill.</subfield><subfield code="c">18 cm</subfield></datafield><datafield ind1=" " ind2=" " tag="336"><subfield code="b">txt</subfield><subfield code="2">rdacontent</subfield></datafield><datafield ind1=" " ind2=" " tag="337"><subfield code="b">n</subfield><subfield code="2">rdamedia</subfield></datafield><datafield ind1=" " ind2=" " tag="338"><subfield code="b">nc</subfield><subfield code="2">rdacarrier</subfield></datafield><datafield ind1="1" ind2=" " tag="490"><subfield code="a">Que sais-je?</subfield><subfield code="v">473</subfield></datafield><datafield ind1=" " ind2="7" tag="650"><subfield code="a">Conditions économiques</subfield><subfield code="0">(IDREF)028626885</subfield><subfield code="2">idref</subfield></datafield><datafield ind1=" " ind2="7" tag="651"><subfield code="a">Moyen-Orient</subfield><subfield code="0">(IDREF)027356108</subfield><subfield code="2">idref</subfield></datafield><datafield ind1=" " ind2="0" tag="830"><subfield code="a">Que sais-je? : le point des connaissances actuelles</subfield><subfield code="v">473</subfield></datafield><datafield ind1=" " ind2=" " tag="900"><subfield code="a">REROnoselfmerge</subfield></datafield><datafield ind1=" " ind2=" " tag="990"><subfield code="a">geulne</subfield><subfield code="9">LOCAL</subfield></datafield></record>
</metadata></record>