<record><header><identifier>oai:alma.41SLSP_UGE:991000769509705502</identifier><datestamp>2023-03-29T00:20:07Z</datestamp><setSpec>uge_bcen_RapidILL_BOOK</setSpec><setSpec>uge_aaca_RapidILL_BOOK</setSpec><setSpec>uge_abels_RapidILL_BOOK</setSpec><setSpec>uge_dbu_RapidILL_BOOK</setSpec><setSpec>uge_cmu_RapidILL_BOOK</setSpec><setSpec>uge_mail_RapidILL_BOOK</setSpec><setSpec>uge_abbat_RapidILL_BOOK</setSpec><setSpec>UNIGE_ALL</setSpec><setSpec>uge_acar_RapidILL_BOOK</setSpec><setSpec>uge_aobs_RapidILL_BOOK</setSpec></header><metadata>
<record xmlns="http://www.loc.gov/MARC21/slim" xmlns:xsi="http://www.w3.org/2001/XMLSchema-instance" xsi:schemaLocation="http://www.loc.gov/MARC21/slim http://www.loc.gov/standards/marcxml/schema/MARC21slim.xsd"><leader>01646nam a2200409 c 4500</leader><controlfield tag="001">991000769509705502</controlfield><controlfield tag="005">20230328222758.0</controlfield><controlfield tag="008">201011s1970    sz ||||| |||| 00| ||fre d</controlfield><datafield ind1=" " ind2=" " tag="035"><subfield code="a">(swissbib)221234128-41slsp_network</subfield></datafield><datafield ind1=" " ind2=" " tag="035"><subfield code="a">221234128</subfield><subfield code="9">ExL</subfield></datafield><datafield ind1=" " ind2=" " tag="035"><subfield code="a">(RERO)0072610-41slsp</subfield></datafield><datafield ind1=" " ind2=" " tag="035"><subfield code="a">(IDSBB)003640588DSV01</subfield></datafield><datafield ind1=" " ind2=" " tag="035"><subfield code="a">(IDSLU)000755075ILU01</subfield></datafield><datafield ind1=" " ind2=" " tag="035"><subfield code="a">(NEBIS)008781310EBI01</subfield></datafield><datafield ind1=" " ind2=" " tag="035"><subfield code="a">(EXLNZ-41SLSP_NETWORK)991135577079705501</subfield></datafield><datafield ind1=" " ind2=" " tag="040"><subfield code="a">RERO</subfield><subfield code="d">CH-ZuSLS</subfield></datafield><datafield ind1=" " ind2=" " tag="044"><subfield code="a">sz</subfield><subfield code="c">ch-ge</subfield></datafield><datafield ind1=" " ind2="7" tag="072"><subfield code="a">ht</subfield><subfield code="2">rero</subfield></datafield><datafield ind1=" " ind2="7" tag="072"><subfield code="a">0</subfield><subfield code="2">IDS LU</subfield></datafield><datafield ind1="1" ind2=" " tag="100"><subfield code="a">Henry, Louis</subfield><subfield code="d">1911-1991</subfield><subfield code="0">(RERO)A016394192</subfield><subfield code="4">cre</subfield></datafield><datafield ind1="1" ind2="0" tag="245"><subfield code="a">Manuel de démographie historique</subfield><subfield code="c">Louis Henry</subfield></datafield><datafield ind1=" " ind2=" " tag="250"><subfield code="a">2e édition</subfield></datafield><datafield ind1=" " ind2="1" tag="264"><subfield code="a">Genève</subfield><subfield code="a">Paris</subfield><subfield code="b">Droz</subfield><subfield code="c">1970</subfield></datafield><datafield ind1=" " ind2=" " tag="300"><subfield code="a">XI, 146 p.</subfield><subfield code="b">fig.</subfield><subfield code="c">25 cm</subfield></datafield><datafield ind1=" " ind2=" " tag="336"><subfield code="b">txt</subfield><subfield code="2">rdacontent</subfield></datafield><datafield ind1=" " ind2=" " tag="337"><subfield code="b">n</subfield><subfield code="2">rdamedia</subfield></datafield><datafield ind1=" " ind2=" " tag="338"><subfield code="b">nc</subfield><subfield code="2">rdacarrier</subfield></datafield><datafield ind1="1" ind2=" " tag="490"><subfield code="a">Hautes études médiévales et modernes</subfield><subfield code="v">3</subfield></datafield><datafield ind1=" " ind2=" " tag="500"><subfield code="a">Centre de recherches d'histoire et de philologie de la IVe section de l'Ecole pratique des hautes études</subfield></datafield><datafield ind1=" " ind2="7" tag="648"><subfield code="a">Geschichte</subfield><subfield code="2">gnd</subfield></datafield><datafield ind1=" " ind2="7" tag="650"><subfield code="a">Démographie historique</subfield><subfield code="0">(IDREF)027812383</subfield><subfield code="2">idref</subfield></datafield><datafield ind1=" " ind2="4" tag="650"><subfield code="a">Demographie</subfield></datafield><datafield ind1=" " ind2="7" tag="650"><subfield code="a">Demographie</subfield><subfield code="0">(DE-588)4011412-0</subfield><subfield code="2">gnd</subfield></datafield><datafield ind1=" " ind2=" " tag="830"><subfield code="a">Ecole pratique des hautes études</subfield><subfield code="p">Section 4, Sciences historiques et philologiques</subfield><subfield code="p">5, Hautes études médiévales et modernes</subfield><subfield code="v">3</subfield><subfield code="w">(IDSLU)000538043ILU01</subfield></datafield><datafield ind1=" " ind2=" " tag="830"><subfield code="a">Hautes études médiévales et modernes</subfield><subfield code="v">3</subfield><subfield code="w">(RERO)0001488-41slsp</subfield></datafield><datafield ind1=" " ind2=" " tag="830"><subfield code="a">Ecole pratique des hautes études</subfield><subfield code="n">Section 4</subfield><subfield code="n">5</subfield><subfield code="p">Sciences historiques et philologiques</subfield><subfield code="p">Hautes études médiévales et modernes</subfield><subfield code="v">3</subfield><subfield code="w">(IDSBB)000017337DSV01</subfield></datafield><datafield ind1=" " ind2=" " tag="900"><subfield code="a">REROnoselfmerge</subfield></datafield><datafield ind1=" " ind2=" " tag="900"><subfield code="f">IDSU2medea</subfield></datafield></record>
</metadata></record>