<record><header><identifier>oai:alma.41SLSP_UGE:991000778429705502</identifier><datestamp>2024-06-08T00:09:17Z</datestamp><setSpec>uge_bcen_RapidILL_BOOK</setSpec><setSpec>uge_aaca_RapidILL_BOOK</setSpec><setSpec>uge_abels_RapidILL_BOOK</setSpec><setSpec>uge_dbu_RapidILL_BOOK</setSpec><setSpec>uge_cmu_RapidILL_BOOK</setSpec><setSpec>uge_mail_RapidILL_BOOK</setSpec><setSpec>uge_abbat_RapidILL_BOOK</setSpec><setSpec>UNIGE_ALL</setSpec><setSpec>uge_aobs_RapidILL_BOOK</setSpec><setSpec>uge_acar_RapidILL_BOOK</setSpec></header><metadata>
<record xmlns="http://www.loc.gov/MARC21/slim" xmlns:xsi="http://www.w3.org/2001/XMLSchema-instance" xsi:schemaLocation="http://www.loc.gov/MARC21/slim http://www.loc.gov/standards/marcxml/schema/MARC21slim.xsd"><leader>03231nam a2200781 c 4500</leader><controlfield tag="001">991000778429705502</controlfield><controlfield tag="005">20230410205646.0</controlfield><controlfield tag="008">201011s2002    fr            00| | fre  </controlfield><datafield ind1=" " ind2=" " tag="020"><subfield code="a">2226132848</subfield></datafield><datafield ind1="7" ind2=" " tag="024"><subfield code="a">http://catalogue.bnf.fr/ark:/12148/cb38803826g</subfield><subfield code="2">uri</subfield></datafield><datafield ind1=" " ind2=" " tag="035"><subfield code="a">(swissbib)222660023-41slsp_network</subfield></datafield><datafield ind1=" " ind2=" " tag="035"><subfield code="a">222660023</subfield><subfield code="9">ExL</subfield></datafield><datafield ind1=" " ind2=" " tag="035"><subfield code="a">(IDSLU)001293940ILU01</subfield></datafield><datafield ind1=" " ind2=" " tag="035"><subfield code="a">(IDSBB)002600512DSV01</subfield></datafield><datafield ind1=" " ind2=" " tag="035"><subfield code="a">(RERO)R003193507-41slsp</subfield></datafield><datafield ind1=" " ind2=" " tag="035"><subfield code="a">(NEBIS)004356869EBI01</subfield></datafield><datafield ind1=" " ind2=" " tag="035"><subfield code="a">(EXLNZ-41SLSP_NETWORK)991048644209705501</subfield></datafield><datafield ind1=" " ind2=" " tag="040"><subfield code="a">SzZuIDS BS/BE A100</subfield><subfield code="b">ger</subfield><subfield code="e">rda</subfield><subfield code="d">CH-ZuSLS</subfield></datafield><datafield ind1=" " ind2="7" tag="072"><subfield code="a">630</subfield><subfield code="2">IDS LU</subfield></datafield><datafield ind1=" " ind2="7" tag="072"><subfield code="a">ng</subfield><subfield code="2">SzZuIDS BS/BE</subfield></datafield><datafield ind1=" " ind2="7" tag="072"><subfield code="a">hg</subfield><subfield code="2">rero</subfield></datafield><datafield ind1="0" ind2="0" tag="082"><subfield code="a">944/.272</subfield><subfield code="2">21</subfield></datafield><datafield ind1="1" ind2="4" tag="082"><subfield code="a">944.025</subfield><subfield code="2">21</subfield></datafield><datafield ind1="1" ind2="4" tag="082"><subfield code="a">900</subfield><subfield code="2">15</subfield></datafield><datafield ind1=" " ind2=" " tag="084"><subfield code="a">NM 9150</subfield><subfield code="2">rvk</subfield></datafield><datafield ind1=" " ind2=" " tag="084"><subfield code="a">NR 8810</subfield><subfield code="2">rvk</subfield></datafield><datafield ind1=" " ind2=" " tag="084"><subfield code="a">NM 9150</subfield><subfield code="2">rvk</subfield></datafield><datafield ind1="1" ind2=" " tag="100"><subfield code="a">Moeglin, Jean-Marie</subfield><subfield code="d">1955-</subfield><subfield code="0">(DE-588)141966955</subfield><subfield code="4">aut</subfield><subfield code="6">880-01</subfield></datafield><datafield ind1="1" ind2=" " tag="880"><subfield code="6">100-01</subfield><subfield code="a">Moeglin, Jean-Marie</subfield><subfield code="c">historien</subfield><subfield code="d">1955-....</subfield><subfield code="0">(IDREF)028742893</subfield><subfield code="4">cre</subfield></datafield><datafield ind1="1" ind2="0" tag="245"><subfield code="a">&lt;&lt;Les&gt;&gt; bourgeois de Calais</subfield><subfield code="b">essai sur un mythe historique</subfield><subfield code="c">Jean-Marie Moeglin</subfield></datafield><datafield ind1=" " ind2="1" tag="264"><subfield code="a">Paris</subfield><subfield code="b">Albin Michel</subfield><subfield code="c">[2002]</subfield></datafield><datafield ind1=" " ind2=" " tag="300"><subfield code="a">462 p., [16] p. de pl.</subfield><subfield code="b">ill.</subfield><subfield code="c">23 cm</subfield></datafield><datafield ind1=" " ind2=" " tag="336"><subfield code="b">txt</subfield><subfield code="2">rdacontent</subfield></datafield><datafield ind1=" " ind2=" " tag="337"><subfield code="b">n</subfield><subfield code="2">rdamedia</subfield></datafield><datafield ind1=" " ind2=" " tag="338"><subfield code="b">nc</subfield><subfield code="2">rdacarrier</subfield></datafield><datafield ind1="0" ind2=" " tag="490"><subfield code="a">L'évolution de l'humanité</subfield></datafield><datafield ind1=" " ind2=" " tag="500"><subfield code="a">Index des noms de personnes</subfield></datafield><datafield ind1=" " ind2=" " tag="504"><subfield code="a">Bibliogr.: p. [431]-450</subfield></datafield><datafield ind1="4" ind2=" " tag="510"><subfield code="a">Annales : histoire, sciences sociales. - Paris. - Année 58(2003), no 1, p. 237 (Christian Amalvi)</subfield></datafield><datafield ind1="4" ind2=" " tag="510"><subfield code="a">Revue historique. - Paris. - 629(janvier 2004,) p. 196-199 (Marc Boone)</subfield></datafield><datafield ind1="1" ind2="7" tag="600"><subfield code="a">Froissart, Jean</subfield><subfield code="x">Chroniques</subfield><subfield code="x">&lt;&lt;Die&gt;&gt; Bürger von Calais</subfield><subfield code="2">idsbb</subfield></datafield><datafield ind1="0" ind2="0" tag="600"><subfield code="a">Edward</subfield><subfield code="b">III</subfield><subfield code="c">King of England</subfield><subfield code="d">1312-1377</subfield></datafield><datafield ind1="1" ind2="0" tag="600"><subfield code="a">Froissart, Jean</subfield><subfield code="d">1338?-1410?</subfield><subfield code="t">Chroniques</subfield></datafield><datafield ind1=" " ind2="7" tag="648"><subfield code="a">Geschichte 1347-2000</subfield><subfield code="2">gnd</subfield></datafield><datafield ind1=" " ind2="7" tag="648"><subfield code="a">Geschichte 1300-1350</subfield><subfield code="2">idszbz</subfield></datafield><datafield ind1=" " ind2="7" tag="648"><subfield code="a">Geschichte 1347</subfield><subfield code="2">idszbz</subfield></datafield><datafield ind1=" " ind2="7" tag="650"><subfield code="a">Die Bürger von Calais</subfield><subfield code="x">Motiv</subfield><subfield code="x">Künste</subfield><subfield code="2">idsbb</subfield></datafield><datafield ind1=" " ind2="7" tag="650"><subfield code="a">Die Bürger von Calais</subfield><subfield code="x">Motiv</subfield><subfield code="x">Literatur</subfield><subfield code="2">idsbb</subfield></datafield><datafield ind1=" " ind2="7" tag="650"><subfield code="a">Künste</subfield><subfield code="x">Motiv</subfield><subfield code="x">Die Bürger von Calais</subfield><subfield code="2">idsbb</subfield></datafield><datafield ind1=" " ind2="7" tag="650"><subfield code="a">Literatur</subfield><subfield code="x">Motiv</subfield><subfield code="x">Die Bürger von Calais</subfield><subfield code="2">idsbb</subfield></datafield><datafield ind1=" " ind2="7" tag="650"><subfield code="a">Mythen</subfield><subfield code="x">Geschichte</subfield><subfield code="z">Frankreich</subfield><subfield code="2">idsbb</subfield></datafield><datafield ind1=" " ind2="7" tag="650"><subfield code="a">Geschichte</subfield><subfield code="x">Mythen</subfield><subfield code="z">Frankreich</subfield><subfield code="2">idsbb</subfield></datafield><datafield ind1=" " ind2="7" tag="650"><subfield code="a">Bourgeois de Calais</subfield><subfield code="0">(RERO)A010234571</subfield><subfield code="2">rerovoc</subfield></datafield><datafield ind1=" " ind2="7" tag="650"><subfield code="a">1347-20e siècle</subfield><subfield code="0">(RERO)A027020937</subfield><subfield code="2">rero</subfield></datafield><datafield ind1=" " ind2="7" tag="650"><subfield code="a">Geschichtsschreibung</subfield><subfield code="0">(DE-588)4020531-9</subfield><subfield code="2">gnd</subfield></datafield><datafield ind1=" " ind2="7" tag="650"><subfield code="a">Calais</subfield><subfield code="x">Belagerung</subfield><subfield code="g">1347</subfield><subfield code="0">(DE-588)4394181-3</subfield><subfield code="2">gnd</subfield></datafield><datafield ind1=" " ind2="7" tag="650"><subfield code="a">Geschichtsschreibung</subfield><subfield code="2">idszbz</subfield></datafield><datafield ind1=" " ind2="7" tag="650"><subfield code="a">Belagerung</subfield><subfield code="2">idszbz</subfield></datafield><datafield ind1=" " ind2="7" tag="650"><subfield code="a">Mythos</subfield><subfield code="0">(DE-588)4075159-4</subfield><subfield code="2">gnd</subfield></datafield><datafield ind1=" " ind2="7" tag="651"><subfield code="a">France</subfield><subfield code="0">(IDREF)027226794</subfield><subfield code="2">idref</subfield></datafield><datafield ind1=" " ind2="7" tag="651"><subfield code="a">Frankreich</subfield><subfield code="0">(DE-588)4018145-5</subfield><subfield code="2">gnd</subfield></datafield><datafield ind1=" " ind2="7" tag="651"><subfield code="a">Frankreich</subfield><subfield code="2">idszbz</subfield></datafield><datafield ind1=" " ind2="7" tag="651"><subfield code="a">Calais</subfield><subfield code="0">(DE-588)4229218-9</subfield><subfield code="2">gnd</subfield></datafield><datafield ind1=" " ind2="7" tag="651"><subfield code="a">Calais</subfield><subfield code="2">idszbz</subfield></datafield><datafield ind1=" " ind2="0" tag="651"><subfield code="a">Calais (France)</subfield><subfield code="x">History</subfield><subfield code="y">Siege, 1346-1347</subfield></datafield><datafield ind1="4" ind2=" " tag="856"><subfield code="3">Inhaltsverzeichnis</subfield><subfield code="u">https://www.ub.unibas.ch/tox/IDSLUZ/001293940/PDF</subfield><subfield code="q">pdf</subfield></datafield><datafield ind1=" " ind2="0" tag="830"><subfield code="a">Bibliothèque de &quot;L'évolution de l'humanité&quot;</subfield><subfield code="w">(IDSBB)000354660DSV01</subfield></datafield><datafield ind1=" " ind2=" " tag="900"><subfield code="a">IDSZ2zbzmon200209e</subfield><subfield code="c">IDSZ2baeh</subfield><subfield code="d">IDSZ2zbzswk200211b</subfield><subfield code="e">IDSZ2brue</subfield></datafield><datafield ind1=" " ind2=" " tag="949"><subfield code="a">https://www.ub.unibas.ch/tox/IDSLUZ/001293940/PDF</subfield></datafield></record>
</metadata></record>