<record><header><identifier>oai:alma.41SLSP_UGE:991000778639705502</identifier><datestamp>2023-03-01T01:09:43Z</datestamp><setSpec>uge_bcen_RapidILL_BOOK</setSpec><setSpec>uge_aaca_RapidILL_BOOK</setSpec><setSpec>uge_abels_RapidILL_BOOK</setSpec><setSpec>uge_dbu_RapidILL_BOOK</setSpec><setSpec>uge_cmu_RapidILL_BOOK</setSpec><setSpec>uge_mail_RapidILL_BOOK</setSpec><setSpec>UNIGE_ALL</setSpec><setSpec>uge_abbat_RapidILL_BOOK</setSpec><setSpec>uge_aobs_RapidILL_BOOK</setSpec><setSpec>uge_acar_RapidILL_BOOK</setSpec></header><metadata>
<record xmlns="http://www.loc.gov/MARC21/slim" xmlns:xsi="http://www.w3.org/2001/XMLSchema-instance" xsi:schemaLocation="http://www.loc.gov/MARC21/slim http://www.loc.gov/standards/marcxml/schema/MARC21slim.xsd"><leader>01164nam a2200337uc 4500</leader><controlfield tag="001">991000778639705502</controlfield><controlfield tag="005">20201230224117.0</controlfield><controlfield tag="008">201011s1989    fr     |      00| ||fre|d</controlfield><datafield ind1=" " ind2=" " tag="020"><subfield code="a">2251011900</subfield></datafield><datafield ind1="7" ind2=" " tag="024"><subfield code="a">http://catalogue.bnf.fr/ark:/12148/cb37157294z</subfield><subfield code="2">uri</subfield></datafield><datafield ind1=" " ind2=" " tag="035"><subfield code="a">(swissbib)220293198-41slsp_network</subfield></datafield><datafield ind1=" " ind2=" " tag="035"><subfield code="a">220293198</subfield><subfield code="9">ExL</subfield></datafield><datafield ind1=" " ind2=" " tag="035"><subfield code="a">(NEBIS)001572274EBI01</subfield></datafield><datafield ind1=" " ind2=" " tag="035"><subfield code="a">(RERO)1848409-41slsp</subfield></datafield><datafield ind1=" " ind2=" " tag="035"><subfield code="a">(EXLNZ-41SLSP_NETWORK)991070217969705501</subfield></datafield><datafield ind1=" " ind2=" " tag="040"><subfield code="a">SLM</subfield><subfield code="b">ger</subfield><subfield code="e">ETHICS-ISBD</subfield><subfield code="d">CH-ZuSLS</subfield></datafield><datafield ind1="0" ind2=" " tag="041"><subfield code="a">fre</subfield><subfield code="a">lat</subfield></datafield><datafield ind1=" " ind2="7" tag="072"><subfield code="a">la</subfield><subfield code="2">rero</subfield></datafield><datafield ind1="1" ind2=" " tag="100"><subfield code="a">Pline le Jeune</subfield><subfield code="d">0061?-0114?</subfield><subfield code="0">(IDREF)027076474</subfield><subfield code="4">cre</subfield></datafield><datafield ind1="1" ind2="0" tag="245"><subfield code="a">Livres IV-VI</subfield><subfield code="c">texte établi et trad. par Anne-Marie Guillemin</subfield></datafield><datafield ind1=" " ind2=" " tag="250"><subfield code="a">Cinquième tirage</subfield></datafield><datafield ind1=" " ind2="1" tag="264"><subfield code="c">1989</subfield></datafield><datafield ind1=" " ind2=" " tag="300"><subfield code="a">149 p. dont p. 7-146 avec pag. double.</subfield><subfield code="c">20 cm</subfield></datafield><datafield ind1=" " ind2=" " tag="336"><subfield code="b">txt</subfield><subfield code="2">rdacontent</subfield></datafield><datafield ind1=" " ind2=" " tag="337"><subfield code="b">n</subfield><subfield code="2">rdamedia</subfield></datafield><datafield ind1=" " ind2=" " tag="338"><subfield code="b">nc</subfield><subfield code="2">rdacarrier</subfield></datafield><datafield ind1="1" ind2=" " tag="490"><subfield code="a">Lettres / Pline le Jeune</subfield><subfield code="v">tome 2</subfield></datafield><datafield ind1=" " ind2=" " tag="500"><subfield code="a">S. 6-146 gezählte Doppelseiten</subfield></datafield><datafield ind1="1" ind2=" " tag="700"><subfield code="a">Guillemin, Anne-Marie</subfield></datafield><datafield ind1="1" ind2=" " tag="800"><subfield code="a">Plinius Caecilius Secundus, Caius</subfield><subfield code="t">Lettres</subfield><subfield code="v">2</subfield></datafield><datafield ind1="1" ind2=" " tag="800"><subfield code="a">Plinius Caecilius Secundus, Gaius</subfield><subfield code="d">61-114</subfield><subfield code="t">Lettres</subfield><subfield code="v">2</subfield><subfield code="w">(NEBIS)001572265EBI01</subfield></datafield><datafield ind1=" " ind2=" " tag="900"><subfield code="a">REROnoselfmerge</subfield></datafield></record>
</metadata></record>