<record><header><identifier>oai:alma.41SLSP_UGE:991000769099705502</identifier><datestamp>2023-03-01T01:09:43Z</datestamp><setSpec>uge_cmu_RapidILL_JOURNAL</setSpec><setSpec>uge_aobs_RapidILL_JOURNAL</setSpec><setSpec>uge_aaca_RapidILL_JOURNAL</setSpec><setSpec>uge_bcen_RapidILL_JOURNAL</setSpec><setSpec>uge_abbat_RapidILL_JOURNAL</setSpec><setSpec>uge_dbu_RapidILL_JOURNAL</setSpec><setSpec>uge_mail_RapidILL_JOURNAL</setSpec><setSpec>UNIGE_ALL</setSpec><setSpec>uge_abels_RapidILL_JOURNAL</setSpec><setSpec>uge_acar_RapidILL_JOURNAL</setSpec></header><metadata>
<record xmlns="http://www.loc.gov/MARC21/slim" xmlns:xsi="http://www.w3.org/2001/XMLSchema-instance" xsi:schemaLocation="http://www.loc.gov/MARC21/slim http://www.loc.gov/standards/marcxml/schema/MARC21slim.xsd"><leader>01815nas a2200505 c 4500</leader><controlfield tag="001">991000769099705502</controlfield><controlfield tag="005">20220215145058.0</controlfield><controlfield tag="008">201011c19839999ne || p|      0   ||eng|d</controlfield><datafield ind1="7" ind2=" " tag="016"><subfield code="a">1086373-4</subfield><subfield code="2">ZDB</subfield></datafield><datafield ind1=" " ind2=" " tag="019"><subfield code="a">FBB: Die &quot;monthly edition&quot; wird nur solange aufbewahrt, bis die &quot;reference edition&quot; erscheint.</subfield><subfield code="5">IDSBB/17.05.1991/beufbb/rfb</subfield></datafield><datafield ind1=" " ind2=" " tag="022"><subfield code="a">0167-7799</subfield><subfield code="z">0167-9430</subfield></datafield><datafield ind1=" " ind2=" " tag="022"><subfield code="a">0167-7799</subfield></datafield><datafield ind1=" " ind2=" " tag="022"><subfield code="a">0167-9430</subfield></datafield><datafield ind1=" " ind2=" " tag="035"><subfield code="a">(swissbib)232337926-41slsp_network</subfield></datafield><datafield ind1=" " ind2=" " tag="035"><subfield code="a">232337926</subfield><subfield code="9">ExL</subfield></datafield><datafield ind1=" " ind2=" " tag="035"><subfield code="a">(NEBIS)000025126EBI01</subfield></datafield><datafield ind1=" " ind2=" " tag="035"><subfield code="a">(RERO)1297438-41slsp</subfield></datafield><datafield ind1=" " ind2=" " tag="035"><subfield code="a">(IDSBB)000176570DSV01</subfield></datafield><datafield ind1=" " ind2=" " tag="035"><subfield code="a">(EXLNZ-41SLSP_NETWORK)991148810189705501</subfield></datafield><datafield ind1=" " ind2=" " tag="040"><subfield code="a">SzZuIDS NEBIS ETH-BIB</subfield><subfield code="b">ger</subfield><subfield code="e">rda</subfield><subfield code="d">CH-ZuSLS</subfield></datafield><datafield ind1=" " ind2="7" tag="072"><subfield code="a">bi</subfield><subfield code="2">rero</subfield></datafield><datafield ind1=" " ind2="7" tag="072"><subfield code="a">bi</subfield><subfield code="2">SzZuIDS BS/BE</subfield></datafield><datafield ind1="1" ind2="4" tag="082"><subfield code="a">570</subfield><subfield code="2">15</subfield></datafield><datafield ind1="0" ind2=" " tag="210"><subfield code="a">Trends biotechnol.</subfield><subfield code="b">Regul. ed.</subfield></datafield><datafield ind1="0" ind2="0" tag="245"><subfield code="a">Trends in biotechnology</subfield></datafield><datafield ind1="1" ind2=" " tag="246"><subfield code="a">Tibtech</subfield></datafield><datafield ind1="1" ind2="3" tag="246"><subfield code="a">Trends Biotechnol</subfield></datafield><datafield ind1=" " ind2="1" tag="264"><subfield code="a">Amsterdam</subfield><subfield code="b">Elsevier</subfield></datafield><datafield ind1=" " ind2=" " tag="300"><subfield code="a">Bände</subfield></datafield><datafield ind1=" " ind2=" " tag="310"><subfield code="a">Monatlich</subfield></datafield><datafield ind1=" " ind2=" " tag="336"><subfield code="b">txt</subfield><subfield code="2">rdacontent</subfield></datafield><datafield ind1=" " ind2=" " tag="337"><subfield code="b">n</subfield><subfield code="2">rdamedia</subfield></datafield><datafield ind1=" " ind2=" " tag="338"><subfield code="b">nc</subfield><subfield code="2">rdacarrier</subfield></datafield><datafield ind1="0" ind2=" " tag="362"><subfield code="a">Vol. 1 (1983)-</subfield></datafield><datafield ind1=" " ind2=" " tag="500"><subfield code="a">Monatshefte wurden bis 2000 durch eine jährliche Kumulation ersetzt</subfield></datafield><datafield ind1=" " ind2=" " tag="500"><subfield code="a">Titre abrégé : Tibtech</subfield></datafield><datafield ind1="0" ind2="0" tag="505"><subfield code="g">Enthält ab 2001</subfield><subfield code="t">Trends guide to Proteomics</subfield></datafield><datafield ind1=" " ind2="7" tag="650"><subfield code="a">ANGEWANDTE BIOLOGIE</subfield><subfield code="9">ger</subfield><subfield code="0">(ETHUDK)000021414</subfield><subfield code="2">ethudk</subfield></datafield><datafield ind1=" " ind2="7" tag="650"><subfield code="a">BIOTECHNOLOGIE</subfield><subfield code="9">ger</subfield><subfield code="0">(ETHUDK)000049148</subfield><subfield code="2">ethudk</subfield></datafield><datafield ind1=" " ind2="7" tag="650"><subfield code="a">BIOVERFAHRENSTECHNIK (BIOTECHNOLOGIE)</subfield><subfield code="9">ger</subfield><subfield code="0">(ETHUDK)000049413</subfield><subfield code="2">ethudk</subfield></datafield><datafield ind1=" " ind2="7" tag="650"><subfield code="a">GENTECHNOLOGIE</subfield><subfield code="9">ger</subfield><subfield code="0">(ETHUDK)000021481</subfield><subfield code="2">ethudk</subfield></datafield><datafield ind1=" " ind2="7" tag="650"><subfield code="a">MIKROBIOTECHNOLOGIE</subfield><subfield code="9">ger</subfield><subfield code="0">(ETHUDK)000033336</subfield><subfield code="2">ethudk</subfield></datafield><datafield ind1=" " ind2="7" tag="655"><subfield code="a">Zeitschrift</subfield><subfield code="2">gnd-content</subfield></datafield><datafield ind1="0" ind2="8" tag="776"><subfield code="i">Erscheint auch als</subfield><subfield code="n">Online-Ausgabe</subfield><subfield code="t">Trends in biotechnology</subfield><subfield code="x">1879-3096</subfield></datafield><datafield ind1=" " ind2=" " tag="900"><subfield code="a">NEBISnoselfmerge</subfield></datafield><datafield ind1=" " ind2=" " tag="900"><subfield code="a">REROnoselfmerge</subfield></datafield></record>
</metadata></record>