<record><header><identifier>oai:alma.41SLSP_UGE:991000777999705502</identifier><datestamp>2023-03-01T01:09:43Z</datestamp><setSpec>uge_bcen_RapidILL_BOOK</setSpec><setSpec>uge_aaca_RapidILL_BOOK</setSpec><setSpec>uge_abels_RapidILL_BOOK</setSpec><setSpec>uge_dbu_RapidILL_BOOK</setSpec><setSpec>uge_cmu_RapidILL_BOOK</setSpec><setSpec>uge_mail_RapidILL_BOOK</setSpec><setSpec>UNIGE_ALL</setSpec><setSpec>uge_abbat_RapidILL_BOOK</setSpec><setSpec>uge_aobs_RapidILL_BOOK</setSpec><setSpec>uge_acar_RapidILL_BOOK</setSpec></header><metadata>
<record xmlns="http://www.loc.gov/MARC21/slim" xmlns:xsi="http://www.w3.org/2001/XMLSchema-instance" xsi:schemaLocation="http://www.loc.gov/MARC21/slim http://www.loc.gov/standards/marcxml/schema/MARC21slim.xsd"><leader>03051nam a2200757 ca4500</leader><controlfield tag="001">991000777999705502</controlfield><controlfield tag="005">20230120193316.0</controlfield><controlfield tag="008">201012m20039999xxk           00| | eng  </controlfield><datafield ind1=" " ind2=" " tag="015"><subfield code="a">GBA3-W9735</subfield></datafield><datafield ind1="7" ind2=" " tag="016"><subfield code="a">0521472997</subfield><subfield code="2">Uk</subfield></datafield><datafield ind1=" " ind2=" " tag="019"><subfield code="a">UHS: Es sind 3 Bände geplant</subfield><subfield code="5">NEBIS/10.5.16/U-M05</subfield></datafield><datafield ind1=" " ind2=" " tag="019"><subfield code="a">Geplant sind 3 Bd.</subfield><subfield code="5">IDSLU/SzZuIDS LU LUZHB/24.03.2004/pd</subfield></datafield><datafield ind1=" " ind2=" " tag="020"><subfield code="a">9780521473002</subfield><subfield code="q">Bd. 2, hbk.</subfield></datafield><datafield ind1=" " ind2=" " tag="020"><subfield code="a">0521472997</subfield><subfield code="q">Bd. 1</subfield><subfield code="c">£100.00</subfield></datafield><datafield ind1=" " ind2=" " tag="020"><subfield code="a">052183337X</subfield><subfield code="q">Set</subfield></datafield><datafield ind1=" " ind2=" " tag="020"><subfield code="a">0521473004</subfield><subfield code="q">Vol. 2</subfield></datafield><datafield ind1=" " ind2=" " tag="020"><subfield code="a">0521473012</subfield><subfield code="q">Vol. 3</subfield></datafield><datafield ind1="7" ind2=" " tag="024"><subfield code="a">http://catalogue.bnf.fr/ark:/12148/cb39053134z</subfield><subfield code="2">uri</subfield></datafield><datafield ind1=" " ind2=" " tag="035"><subfield code="a">(swissbib)237892308-41slsp_network</subfield></datafield><datafield ind1=" " ind2=" " tag="035"><subfield code="a">237892308</subfield><subfield code="9">ExL</subfield></datafield><datafield ind1=" " ind2=" " tag="035"><subfield code="a">(NEBIS)004559720EBI01</subfield></datafield><datafield ind1=" " ind2=" " tag="035"><subfield code="a">(IDSLU)000312165ILU01</subfield></datafield><datafield ind1=" " ind2=" " tag="035"><subfield code="a">(RERO)R003595577-41slsp</subfield></datafield><datafield ind1=" " ind2=" " tag="035"><subfield code="a">(IDSBB)002988427DSV01</subfield></datafield><datafield ind1=" " ind2=" " tag="035"><subfield code="a">(EXLNZ-41SLSP_NETWORK)991029173109705501</subfield></datafield><datafield ind1=" " ind2=" " tag="040"><subfield code="a">StDuBDS</subfield><subfield code="b">ger</subfield><subfield code="e">rda</subfield><subfield code="d">CH-ZuSLS</subfield></datafield><datafield ind1=" " ind2="7" tag="072"><subfield code="a">630</subfield><subfield code="2">IDS LU</subfield></datafield><datafield ind1=" " ind2="7" tag="072"><subfield code="a">hg</subfield><subfield code="2">rero</subfield></datafield><datafield ind1=" " ind2="7" tag="072"><subfield code="a">ga</subfield><subfield code="2">SzZuIDS BS/BE</subfield></datafield><datafield ind1="0" ind2="0" tag="082"><subfield code="a">948/.02</subfield><subfield code="2">22</subfield></datafield><datafield ind1="0" ind2="4" tag="082"><subfield code="a">948</subfield><subfield code="2">22</subfield></datafield><datafield ind1="0" ind2="4" tag="082"><subfield code="a">948./01</subfield><subfield code="b">Pre</subfield></datafield><datafield ind1="1" ind2="4" tag="082"><subfield code="a">948</subfield><subfield code="2">22</subfield></datafield><datafield ind1="1" ind2="4" tag="082"><subfield code="a">900</subfield><subfield code="2">15</subfield></datafield><datafield ind1=" " ind2=" " tag="084"><subfield code="a">NK 2473</subfield><subfield code="2">rvk</subfield></datafield><datafield ind1=" " ind2=" " tag="084"><subfield code="a">NK 1058</subfield><subfield code="2">rvk</subfield></datafield><datafield ind1="0" ind2="0" tag="245"><subfield code="a">&lt;&lt;The&gt;&gt; Cambridge history of Scandinavia</subfield><subfield code="c">general editors: Knut Helle (University of Bergen), Torkel Jansson (University of Uppsala), E.I. Kouri (University of Helsinki)</subfield></datafield><datafield ind1="1" ind2="0" tag="246"><subfield code="a">Scandinavia</subfield></datafield><datafield ind1=" " ind2="1" tag="264"><subfield code="a">Cambridge, United Kingdom</subfield><subfield code="b">Cambridge University Press</subfield><subfield code="c">2003-</subfield></datafield><datafield ind1=" " ind2=" " tag="300"><subfield code="a">Volume 1-</subfield><subfield code="b">Illustrationen</subfield></datafield><datafield ind1=" " ind2=" " tag="336"><subfield code="b">txt</subfield><subfield code="2">rdacontent</subfield></datafield><datafield ind1=" " ind2=" " tag="337"><subfield code="b">n</subfield><subfield code="2">rdamedia</subfield></datafield><datafield ind1=" " ind2=" " tag="338"><subfield code="b">nc</subfield><subfield code="2">rdacarrier</subfield></datafield><datafield ind1=" " ind2=" " tag="500"><subfield code="a">Prévu en 3 vol.</subfield></datafield><datafield ind1="0" ind2=" " tag="505"><subfield code="a">Volume II: 1520-1870 / edited by E. I. Kouri and Jens E. Olesen. - 2016. - xxiv, 1152 pages : plates, figures, maps, tables. - Select bibliography: pages 1039-1116. - Index</subfield></datafield><datafield ind1="0" ind2="0" tag="505"><subfield code="g">Volume 2</subfield><subfield code="t">1520-1870</subfield><subfield code="r">edited by E.I. Kouri, University of Helsinki, and Jens E. Olesen, University of Greifswald</subfield></datafield><datafield ind1="0" ind2="0" tag="505"><subfield code="g">Volume 1</subfield><subfield code="t">Prehistory to 1520</subfield><subfield code="r">edited by Knut Helle</subfield></datafield><datafield ind1=" " ind2="7" tag="648"><subfield code="a">Geschichte</subfield><subfield code="2">idszbz</subfield></datafield><datafield ind1=" " ind2="7" tag="648"><subfield code="a">Geschichte</subfield><subfield code="2">gnd</subfield></datafield><datafield ind1=" " ind2="7" tag="650"><subfield code="a">Histoire</subfield><subfield code="0">(IDREF)02726470X</subfield><subfield code="2">idref</subfield></datafield><datafield ind1=" " ind2="7" tag="651"><subfield code="a">Skandinavien</subfield><subfield code="2">idszbz</subfield></datafield><datafield ind1=" " ind2="0" tag="651"><subfield code="a">Scandinavia</subfield><subfield code="x">History</subfield><subfield code="y">To 1500</subfield></datafield><datafield ind1=" " ind2="7" tag="651"><subfield code="a">Scandinavie</subfield><subfield code="0">(IDREF)027350789</subfield><subfield code="2">idref</subfield></datafield><datafield ind1=" " ind2="0" tag="651"><subfield code="a">Scandinavia</subfield><subfield code="x">History</subfield></datafield><datafield ind1=" " ind2="7" tag="651"><subfield code="a">Skandinavien</subfield><subfield code="0">(DE-588)4055209-3</subfield><subfield code="2">gnd</subfield></datafield><datafield ind1=" " ind2="7" tag="651"><subfield code="a">Skandinavien</subfield><subfield code="y">Geschichte</subfield><subfield code="v">0 Gesamtdarstellung</subfield><subfield code="2">idsbb</subfield></datafield><datafield ind1=" " ind2="7" tag="655"><subfield code="a">Handbuch</subfield><subfield code="2">idszbz</subfield></datafield><datafield ind1="1" ind2=" " tag="700"><subfield code="a">Kouri, Erkki Ilmari</subfield><subfield code="0">(IDREF)028401336</subfield></datafield><datafield ind1="1" ind2=" " tag="700"><subfield code="a">Kouri, E. I.</subfield><subfield code="e">Herausgeber</subfield><subfield code="4">edt</subfield></datafield><datafield ind1="1" ind2=" " tag="700"><subfield code="a">Jansson, Torkel</subfield><subfield code="e">Herausgeber</subfield><subfield code="4">edt</subfield></datafield><datafield ind1="1" ind2=" " tag="700"><subfield code="a">Kouri, Erkki I.</subfield><subfield code="d">1940-</subfield><subfield code="0">(DE-588)1102215740</subfield><subfield code="e">Herausgeber</subfield><subfield code="4">edt</subfield></datafield><datafield ind1="1" ind2=" " tag="700"><subfield code="a">Olesen, Jens E.</subfield><subfield code="d">1950-</subfield><subfield code="0">(DE-588)140956727</subfield><subfield code="e">Herausgeber</subfield><subfield code="4">edt</subfield><subfield code="6">880-04</subfield></datafield><datafield ind1="1" ind2=" " tag="880"><subfield code="6">700-04</subfield><subfield code="a">Olesen, Jens E.</subfield><subfield code="0">(IDREF)057629099</subfield></datafield><datafield ind1="1" ind2=" " tag="700"><subfield code="a">Helle, Knut</subfield><subfield code="d">1930-2015</subfield><subfield code="0">(DE-588)141039043</subfield><subfield code="e">Herausgeber</subfield><subfield code="4">edt</subfield><subfield code="6">880-05</subfield></datafield><datafield ind1="1" ind2=" " tag="880"><subfield code="a">Helle, Knut</subfield><subfield code="0">(RERO)A009562987</subfield><subfield code="6">700-05</subfield></datafield><datafield ind1=" " ind2=" " tag="900"><subfield code="a">IDSZ2zbzmon200311f</subfield><subfield code="c">IDSZ2vale</subfield><subfield code="d">IDSZ2zbzswk200311b</subfield><subfield code="e">IDSZ2brue</subfield></datafield><datafield ind1=" " ind2=" " tag="900"><subfield code="a">REROnoselfmerge</subfield></datafield></record>
</metadata></record>