<record><header><identifier>oai:alma.41SLSP_UGE:991000778099705502</identifier><datestamp>2023-04-08T00:15:48Z</datestamp><setSpec>uge_bcen_RapidILL_BOOK</setSpec><setSpec>uge_aaca_RapidILL_BOOK</setSpec><setSpec>uge_abels_RapidILL_BOOK</setSpec><setSpec>uge_dbu_RapidILL_BOOK</setSpec><setSpec>uge_cmu_RapidILL_BOOK</setSpec><setSpec>uge_mail_RapidILL_BOOK</setSpec><setSpec>uge_abbat_RapidILL_BOOK</setSpec><setSpec>UNIGE_ALL</setSpec><setSpec>uge_acar_RapidILL_BOOK</setSpec><setSpec>uge_aobs_RapidILL_BOOK</setSpec></header><metadata>
<record xmlns="http://www.loc.gov/MARC21/slim" xmlns:xsi="http://www.w3.org/2001/XMLSchema-instance" xsi:schemaLocation="http://www.loc.gov/MARC21/slim http://www.loc.gov/standards/marcxml/schema/MARC21slim.xsd"><leader>01136nam a2200325 c 4500</leader><controlfield tag="001">991000778099705502</controlfield><controlfield tag="005">20230407161009.0</controlfield><controlfield tag="008">930616s1992    xxk||||| |||| 00| ||eng d</controlfield><datafield ind1=" " ind2=" " tag="020"><subfield code="a">0631131493</subfield><subfield code="q">rel.</subfield></datafield><datafield ind1=" " ind2=" " tag="020"><subfield code="a">0631185291</subfield><subfield code="q">br.</subfield></datafield><datafield ind1=" " ind2=" " tag="035"><subfield code="a">(swissbib)087674637-41slsp_network</subfield></datafield><datafield ind1=" " ind2=" " tag="035"><subfield code="a">087674637</subfield><subfield code="9">ExL</subfield></datafield><datafield ind1=" " ind2=" " tag="035"><subfield code="a">(RERO)1697350-41slsp</subfield></datafield><datafield ind1=" " ind2=" " tag="035"><subfield code="a">(EXLNZ-41SLSP_NETWORK)991142891409705501</subfield></datafield><datafield ind1=" " ind2=" " tag="040"><subfield code="a">RERO neubfl</subfield><subfield code="d">CH-ZuSLS</subfield></datafield><datafield ind1=" " ind2="7" tag="072"><subfield code="a">go</subfield><subfield code="2">rero</subfield></datafield><datafield ind1=" " ind2="7" tag="072"><subfield code="a">me</subfield><subfield code="2">rero</subfield></datafield><datafield ind1="1" ind2=" " tag="100"><subfield code="a">Cliff, Andrew David</subfield><subfield code="0">(RERO)A003111537</subfield><subfield code="4">cre</subfield></datafield><datafield ind1="1" ind2="0" tag="245"><subfield code="a">Atlas of disease distributions</subfield><subfield code="b">analytic approaches to epidemiological data</subfield><subfield code="c">Andrew D. Cliff and Peter Haggett</subfield></datafield><datafield ind1=" " ind2="1" tag="264"><subfield code="a">Oxford</subfield><subfield code="b">B. Blackwell</subfield><subfield code="c">1992</subfield></datafield><datafield ind1=" " ind2=" " tag="300"><subfield code="a">XV, 300 p.</subfield><subfield code="b">ill.</subfield><subfield code="c">31 cm</subfield></datafield><datafield ind1=" " ind2=" " tag="336"><subfield code="b">txt</subfield><subfield code="2">rdacontent</subfield></datafield><datafield ind1=" " ind2=" " tag="337"><subfield code="b">n</subfield><subfield code="2">rdamedia</subfield></datafield><datafield ind1=" " ind2=" " tag="338"><subfield code="b">nc</subfield><subfield code="2">rdacarrier</subfield></datafield><datafield ind1="1" ind2=" " tag="490"><subfield code="a">Blackwell reference</subfield></datafield><datafield ind1=" " ind2="7" tag="650"><subfield code="a">Épidémiologie</subfield><subfield code="0">(IDREF)027731456</subfield><subfield code="2">idref</subfield></datafield><datafield ind1=" " ind2="7" tag="650"><subfield code="a">Géographie</subfield><subfield code="0">(IDREF)027534510</subfield><subfield code="2">idref</subfield></datafield><datafield ind1=" " ind2="7" tag="650"><subfield code="a">Géographie médicale</subfield><subfield code="0">(IDREF)02730745X</subfield><subfield code="2">idref</subfield></datafield><datafield ind1="1" ind2=" " tag="700"><subfield code="a">Haggett, Peter</subfield><subfield code="d">1933-....</subfield><subfield code="0">(IDREF)026912171</subfield></datafield><datafield ind1=" " ind2=" " tag="830"><subfield code="a">Blackwell reference</subfield><subfield code="w">(RERO)0504390-41slsp</subfield></datafield><datafield ind1=" " ind2=" " tag="900"><subfield code="a">REROnoselfmerge</subfield></datafield></record>
</metadata></record>