<record><header><identifier>oai:alma.41SLSP_UGE:991000778629705502</identifier><datestamp>2023-03-01T01:09:43Z</datestamp><setSpec>uge_bcen_RapidILL_BOOK</setSpec><setSpec>uge_aaca_RapidILL_BOOK</setSpec><setSpec>uge_abels_RapidILL_BOOK</setSpec><setSpec>uge_dbu_RapidILL_BOOK</setSpec><setSpec>uge_cmu_RapidILL_BOOK</setSpec><setSpec>uge_mail_RapidILL_BOOK</setSpec><setSpec>UNIGE_ALL</setSpec><setSpec>uge_abbat_RapidILL_BOOK</setSpec><setSpec>uge_aobs_RapidILL_BOOK</setSpec><setSpec>uge_acar_RapidILL_BOOK</setSpec></header><metadata>
<record xmlns="http://www.loc.gov/MARC21/slim" xmlns:xsi="http://www.w3.org/2001/XMLSchema-instance" xsi:schemaLocation="http://www.loc.gov/MARC21/slim http://www.loc.gov/standards/marcxml/schema/MARC21slim.xsd"><leader>02611nam a22006257ca4500</leader><controlfield tag="001">991000778629705502</controlfield><controlfield tag="005">20211012202049.0</controlfield><controlfield tag="008">201011s1964    be ||||| |||| 00| ||ger d</controlfield><datafield ind1=" " ind2=" " tag="035"><subfield code="a">(swissbib)21585389X-41slsp_network</subfield></datafield><datafield ind1=" " ind2=" " tag="035"><subfield code="a">21585389X</subfield><subfield code="9">ExL</subfield></datafield><datafield ind1=" " ind2=" " tag="035"><subfield code="a">(RERO)R003763159-41slsp</subfield></datafield><datafield ind1=" " ind2=" " tag="035"><subfield code="a">(SBT)000503493SBT01</subfield></datafield><datafield ind1=" " ind2=" " tag="035"><subfield code="a">(NEBIS)006195121EBI01</subfield></datafield><datafield ind1=" " ind2=" " tag="035"><subfield code="a">(IDSBB)000246868DSV01</subfield></datafield><datafield ind1=" " ind2=" " tag="035"><subfield code="a">(IDSLU)000161201ILU01</subfield></datafield><datafield ind1=" " ind2=" " tag="035"><subfield code="a">(EXLNZ-41SLSP_NETWORK)991086526469705501</subfield></datafield><datafield ind1=" " ind2=" " tag="040"><subfield code="a">RERO frbcuc</subfield><subfield code="d">CH-ZuSLS</subfield></datafield><datafield ind1="1" ind2=" " tag="041"><subfield code="a">ger</subfield><subfield code="a">syr</subfield><subfield code="h">syr</subfield></datafield><datafield ind1=" " ind2="7" tag="072"><subfield code="a">th</subfield><subfield code="2">rero</subfield></datafield><datafield ind1=" " ind2="7" tag="072"><subfield code="a">th</subfield><subfield code="2">SzZuIDS BS/BE</subfield></datafield><datafield ind1=" " ind2="7" tag="072"><subfield code="a">760</subfield><subfield code="2">IDS LU</subfield></datafield><datafield ind1="0" ind2="4" tag="082"><subfield code="a">281.08</subfield><subfield code="2">20</subfield></datafield><datafield ind1=" " ind2=" " tag="084"><subfield code="a">BO 1160</subfield><subfield code="2">rvk</subfield></datafield><datafield ind1="0" ind2=" " tag="100"><subfield code="6">880-01</subfield><subfield code="a">Éphrem</subfield><subfield code="c">saint</subfield><subfield code="d">0306?-0373</subfield><subfield code="0">(IDREF)027999297</subfield><subfield code="4">cre</subfield></datafield><datafield ind1="0" ind2=" " tag="880"><subfield code="6">100-01</subfield><subfield code="a">Ephraem</subfield><subfield code="c">Graecus</subfield><subfield code="c">santo</subfield><subfield code="0">(SBT11)000009372</subfield></datafield><datafield ind1="0" ind2=" " tag="880"><subfield code="a">Ephraem</subfield><subfield code="c">Syrus</subfield><subfield code="d">306-373</subfield><subfield code="0">(DE-588)118530550</subfield><subfield code="6">100-01</subfield></datafield><datafield ind1="1" ind2="0" tag="240"><subfield code="a">Hymni de azymis</subfield></datafield><datafield ind1="1" ind2="0" tag="245"><subfield code="a">&lt;&lt;Des&gt;&gt; heiligen Ephraem des Syrers Paschahymnen (De azymis, De crucifixione, De resurrectione)</subfield><subfield code="c">hrsg. [und] übers. von Edmund Beck</subfield></datafield><datafield ind1=" " ind2="1" tag="264"><subfield code="a">Louvain</subfield><subfield code="b">Secrétariat du CorpusSCO</subfield><subfield code="c">1964</subfield></datafield><datafield ind1=" " ind2=" " tag="300"><subfield code="a">2 Bde.</subfield><subfield code="c">25 cm</subfield></datafield><datafield ind1=" " ind2=" " tag="336"><subfield code="b">txt</subfield><subfield code="2">rdacontent</subfield></datafield><datafield ind1=" " ind2=" " tag="337"><subfield code="b">n</subfield><subfield code="2">rdamedia</subfield></datafield><datafield ind1=" " ind2=" " tag="338"><subfield code="b">nc</subfield><subfield code="2">rdacarrier</subfield></datafield><datafield ind1="1" ind2=" " tag="490"><subfield code="a">Corpus scriptorum christianorum orientalium</subfield><subfield code="v">vol. 248-249.</subfield><subfield code="a">Scriptores syri</subfield><subfield code="v">t. 108-109</subfield></datafield><datafield ind1="1" ind2=" " tag="490"><subfield code="a">Scriptores Syri</subfield><subfield code="v">t. 108-109</subfield></datafield><datafield ind1=" " ind2=" " tag="500"><subfield code="a">Bd. 1: Text ; Bd. 2: Uebersetzung</subfield></datafield><datafield ind1=" " ind2=" " tag="500"><subfield code="a">Titolo originale: Hymni de azymis</subfield></datafield><datafield ind1=" " ind2="0" tag="650"><subfield code="a">Easter hymns</subfield></datafield><datafield ind1=" " ind2="0" tag="650"><subfield code="a">Hymns, German</subfield><subfield code="x">Translations from Syriac</subfield></datafield><datafield ind1=" " ind2="0" tag="650"><subfield code="a">Hymns, Syriac</subfield></datafield><datafield ind1=" " ind2="0" tag="650"><subfield code="a">Syriac language</subfield><subfield code="v">Texts</subfield></datafield><datafield ind1=" " ind2=" " tag="691"><subfield code="e">270.1</subfield><subfield code="a">Storia della Chiesa. Periodo apostolico, fino al 325</subfield><subfield code="2">usi-TE</subfield></datafield><datafield ind1="0" ind2="2" tag="700"><subfield code="a">Ephraem</subfield><subfield code="c">Graecus</subfield><subfield code="c">santo</subfield><subfield code="0">(SBT11)000009372</subfield></datafield><datafield ind1="0" ind2="2" tag="700"><subfield code="a">Ephraem</subfield><subfield code="c">Graecus</subfield><subfield code="c">santo</subfield><subfield code="0">(SBT11)000009372</subfield></datafield><datafield ind1="0" ind2="2" tag="700"><subfield code="a">Ephraem</subfield><subfield code="c">Syrus</subfield><subfield code="d">306-373</subfield><subfield code="t">Hymni de cricifixione</subfield></datafield><datafield ind1="0" ind2="2" tag="700"><subfield code="a">Ephraem</subfield><subfield code="c">Syrus</subfield><subfield code="d">306-373</subfield><subfield code="t">Hymni de resurrectione</subfield></datafield><datafield ind1="1" ind2=" " tag="700"><subfield code="a">Beck, Edmund</subfield><subfield code="d">1902-1991</subfield><subfield code="0">(DE-588)13275634X</subfield><subfield code="6">880-02</subfield></datafield><datafield ind1="1" ind2=" " tag="880"><subfield code="6">700-02</subfield><subfield code="a">Beck, Edmund</subfield><subfield code="d">1902-1991</subfield><subfield code="0">(IDREF)033930627</subfield></datafield><datafield ind1=" " ind2=" " tag="830"><subfield code="a">Scriptores syri</subfield><subfield code="v">108-109</subfield><subfield code="w">(SBT)000499776SBT01</subfield></datafield><datafield ind1=" " ind2=" " tag="830"><subfield code="a">Corpus scriptorum christianorum orientalium</subfield><subfield code="p">Scriptores syri</subfield><subfield code="v">108-109</subfield><subfield code="w">(RERO)R267079660-41slsp</subfield></datafield><datafield ind1=" " ind2=" " tag="830"><subfield code="a">Corpus scriptorum Christianorum Orientalium</subfield><subfield code="v">248-249</subfield><subfield code="w">(IDSBB)000026309DSV01</subfield></datafield><datafield ind1=" " ind2=" " tag="830"><subfield code="a">Corpus Scriptorum Christianorum Orientalium</subfield><subfield code="v">248-249</subfield><subfield code="w">(SBT)000178498SBT01</subfield></datafield><datafield ind1=" " ind2=" " tag="830"><subfield code="a">Corpus scriptorum christianorum orientalium</subfield><subfield code="v">248-249</subfield><subfield code="w">(IDSLU)000161255ILU01</subfield></datafield><datafield ind1=" " ind2=" " tag="900"><subfield code="a">REROnoselfmerge</subfield></datafield><datafield ind1=" " ind2=" " tag="900"><subfield code="a">IDSZRMedeaZBZ</subfield><subfield code="b">IDSZRSWK</subfield></datafield><datafield ind1=" " ind2=" " tag="900"><subfield code="a">IDSZRMedeaZBZ</subfield><subfield code="c">IDSZRrusc</subfield></datafield></record>
</metadata></record>