<record><header><identifier>oai:alma.41SLSP_UGE:991000778209705502</identifier><datestamp>2023-04-08T00:21:29Z</datestamp><setSpec>uge_bcen_RapidILL_BOOK</setSpec><setSpec>uge_aaca_RapidILL_BOOK</setSpec><setSpec>uge_abels_RapidILL_BOOK</setSpec><setSpec>uge_dbu_RapidILL_BOOK</setSpec><setSpec>uge_cmu_RapidILL_BOOK</setSpec><setSpec>uge_mail_RapidILL_BOOK</setSpec><setSpec>uge_abbat_RapidILL_BOOK</setSpec><setSpec>UNIGE_ALL</setSpec><setSpec>uge_aobs_RapidILL_BOOK</setSpec><setSpec>uge_acar_RapidILL_BOOK</setSpec></header><metadata>
<record xmlns="http://www.loc.gov/MARC21/slim" xmlns:xsi="http://www.w3.org/2001/XMLSchema-instance" xsi:schemaLocation="http://www.loc.gov/MARC21/slim http://www.loc.gov/standards/marcxml/schema/MARC21slim.xsd"><leader>03614nam a2200445 c 4500</leader><controlfield tag="001">991000778209705502</controlfield><controlfield tag="005">20230407055616.0</controlfield><controlfield tag="008">201011s2019    xxk      |||| 000 0 eng|d</controlfield><datafield ind1=" " ind2=" " tag="020"><subfield code="a">9780415790277</subfield><subfield code="q">hardback</subfield></datafield><datafield ind1=" " ind2=" " tag="035"><subfield code="a">(swissbib)228325293-41slsp_network</subfield></datafield><datafield ind1=" " ind2=" " tag="035"><subfield code="a">228325293</subfield><subfield code="9">ExL</subfield></datafield><datafield ind1=" " ind2=" " tag="035"><subfield code="a">(NEBIS)011151750EBI01</subfield></datafield><datafield ind1=" " ind2=" " tag="035"><subfield code="a">(RERO)R008999694-41slsp</subfield></datafield><datafield ind1=" " ind2=" " tag="035"><subfield code="a">(OCoLC)975368073</subfield></datafield><datafield ind1=" " ind2=" " tag="035"><subfield code="a">(EXLNZ-41SLSP_NETWORK)991011324679705501</subfield></datafield><datafield ind1=" " ind2=" " tag="040"><subfield code="a">BTCTA</subfield><subfield code="b">ger</subfield><subfield code="e">rda</subfield><subfield code="d">CH-ZuSLS</subfield></datafield><datafield ind1=" " ind2="7" tag="072"><subfield code="a">or</subfield><subfield code="2">rero</subfield></datafield><datafield ind1="0" ind2="0" tag="082"><subfield code="a">306.442/956</subfield><subfield code="2">23</subfield></datafield><datafield ind1="1" ind2="4" tag="082"><subfield code="a">495</subfield><subfield code="2">15</subfield></datafield><datafield ind1="0" ind2="0" tag="245"><subfield code="a">Routledge handbook of Japanese sociolinguistics</subfield><subfield code="c">edited by Patrick Heinrich and Yumiko Ohara</subfield></datafield><datafield ind1=" " ind2="1" tag="264"><subfield code="a">London</subfield><subfield code="b">Routledge</subfield><subfield code="c">2019</subfield></datafield><datafield ind1=" " ind2=" " tag="300"><subfield code="a">xxii, 464 Seiten</subfield><subfield code="b">Illustrationen</subfield></datafield><datafield ind1=" " ind2=" " tag="336"><subfield code="b">txt</subfield><subfield code="2">rdacontent</subfield></datafield><datafield ind1=" " ind2=" " tag="337"><subfield code="b">n</subfield><subfield code="2">rdamedia</subfield></datafield><datafield ind1=" " ind2=" " tag="338"><subfield code="b">nc</subfield><subfield code="2">rdacarrier</subfield></datafield><datafield ind1="0" ind2=" " tag="490"><subfield code="a">Routledge handbooks</subfield></datafield><datafield ind1=" " ind2=" " tag="504"><subfield code="a">Includes bibliographical references and index</subfield></datafield><datafield ind1="0" ind2=" " tag="505"><subfield code="a">List of figures -- List of tables -- List of contributors -- Acknowledgements -- Conventions -- I. The languages and language varieties of Japan: 1. Ainu language and Ainu speakers / Mika Fukazawa -- 2. Ryukyuan sociolinguistics / Masahide Ishihara, Katsuyuki Miyahara, Gijs van der Lubbe, Patrick Heinrich -- 3. Ryukyu-substrate Japanese: Contact effects on the replacing language / Mark Anderson -- 4. Japanese dialects / Shinji Sanada -- 5. Koine and koineization / Shin Abe -- 6. Language and migration in Japan / Ruriko Otomo -- 7. English in Japan / Ryuko Kubota -- II. The multilingual ecology: 8. Metroethnicity: From standardized identities to language aesthetics / John C. Maher -- 9. Metrolingualism in transitional Japan / Emi Otsuji -- 10. Linguistic landscape / Peter Backhaus -- 11. Bilingualism and bilingual education in Japan / Sachiyo Fujita-Round -- 12. Japan as a multilingual society / Hiroshi Shoji -- III. Variation, style and interaction: 13. Language variation and change / Kazuko Matsumoto -- 14. Code switching, language crossing and mediatized translinguistic practices / Rika Yamashita -- 15. Language and social relations / Zi Wang -- 16. Politeness / Yasuko Obana -- 17. Impoliteness / Yukiko Nishimura -- 18. Gendered speech / Yumiko Ohara -- IV. Language problems and language planning: 19. Language policy and planning / Ruriko Otomo -- 20. Script and orthography problems / Hidenori Masiko -- 21. Literacy and illiteracy / Takeshi Nakashima -- 22. Japanese language spread in the colonies and occupied territories / Toshiaki Yasuda -- 23. Ainu language shift / Takayuki Okazaki -- 24. Language shift in the Ryukyu Islands / Mark Anderson -- 25. Language rights / Goro Christoph Kimura -- V. Research Overviews: 26. Language life (gengo seikatsu) / Patrick Heinrich -- 27. The study of Japanese language speakers / Riikka Länsisalmi -- 28. Studies of Ryukyu-substrate Japanese / Mark Anderson</subfield></datafield><datafield ind1=" " ind2="7" tag="650"><subfield code="a">Japanisch</subfield><subfield code="0">(DE-588)4114069-2</subfield><subfield code="2">gnd</subfield></datafield><datafield ind1=" " ind2="7" tag="650"><subfield code="a">Soziolinguistik</subfield><subfield code="0">(DE-588)4077623-2</subfield><subfield code="2">gnd</subfield></datafield><datafield ind1=" " ind2="7" tag="650"><subfield code="a">Mundart</subfield><subfield code="0">(DE-588)4040725-1</subfield><subfield code="2">gnd</subfield></datafield><datafield ind1=" " ind2="0" tag="650"><subfield code="a">Japanese language</subfield><subfield code="x">Social aspects</subfield></datafield><datafield ind1=" " ind2="0" tag="650"><subfield code="a">Sociolinguistics</subfield><subfield code="z">Japan</subfield></datafield><datafield ind1=" " ind2="7" tag="655"><subfield code="a">Aufsatzsammlung</subfield><subfield code="2">gnd-content</subfield></datafield><datafield ind1=" " ind2="0" tag="655"><subfield code="a">Electronic books</subfield></datafield><datafield ind1="1" ind2=" " tag="700"><subfield code="a">Ōhara, Yumiko</subfield><subfield code="4">edt</subfield></datafield><datafield ind1="1" ind2=" " tag="700"><subfield code="a">Heinrich, Patrick</subfield><subfield code="0">(DE-588)1049573579</subfield><subfield code="4">edt</subfield><subfield code="6">880-02</subfield></datafield><datafield ind1="1" ind2=" " tag="880"><subfield code="a">Heinrich, Patrick</subfield><subfield code="0">(RERO)A016597424</subfield><subfield code="4">edt</subfield><subfield code="6">700-02</subfield></datafield><datafield ind1="4" ind2=" " tag="856"><subfield code="3">Titelblatt und Inhaltsverzeichnis</subfield><subfield code="u">https://toc.library.ethz.ch/objects/pdf03/z01_978-0-415-79027-7_01.pdf</subfield><subfield code="q">pdf</subfield></datafield><datafield ind1=" " ind2=" " tag="900"><subfield code="a">IDSZ2zbzmon201908f</subfield><subfield code="c">IDSZ2gabr</subfield><subfield code="d">IDSZ2zbzswk201908b</subfield><subfield code="e">IDSZ2mors</subfield></datafield><datafield ind1=" " ind2=" " tag="949"><subfield code="a">https://toc.library.ethz.ch/objects/pdf03/z01_978-0-415-79027-7_01.pdf</subfield></datafield></record>
</metadata></record>