<record><header><identifier>oai:alma.41SLSP_UGE:991000778419705502</identifier><datestamp>2024-09-28T00:30:10Z</datestamp><setSpec>uge_bcen_RapidILL_BOOK</setSpec><setSpec>uge_aaca_RapidILL_BOOK</setSpec><setSpec>uge_abels_RapidILL_BOOK</setSpec><setSpec>uge_dbu_RapidILL_BOOK</setSpec><setSpec>uge_cmu_RapidILL_BOOK</setSpec><setSpec>uge_mail_RapidILL_BOOK</setSpec><setSpec>uge_abbat_RapidILL_BOOK</setSpec><setSpec>UNIGE_ALL</setSpec><setSpec>uge_aobs_RapidILL_BOOK</setSpec><setSpec>uge_acar_RapidILL_BOOK</setSpec></header><metadata>
<record xmlns="http://www.loc.gov/MARC21/slim" xmlns:xsi="http://www.w3.org/2001/XMLSchema-instance" xsi:schemaLocation="http://www.loc.gov/MARC21/slim http://www.loc.gov/standards/marcxml/schema/MARC21slim.xsd"><leader>01508nam a22003372c 4500</leader><controlfield tag="001">991000778419705502</controlfield><controlfield tag="005">20240927204442.0</controlfield><controlfield tag="008">201011s1962    ne ||||| |||| 00| ||dut d</controlfield><datafield ind1=" " ind2=" " tag="035"><subfield code="a">(swissbib)212050753-41slsp_network</subfield></datafield><datafield ind1=" " ind2=" " tag="035"><subfield code="a">212050753</subfield><subfield code="9">ExL</subfield></datafield><datafield ind1=" " ind2=" " tag="035"><subfield code="a">(RERO)R007517184-41slsp</subfield></datafield><datafield ind1=" " ind2=" " tag="035"><subfield code="a">(IDSBB)000201351DSV01</subfield></datafield><datafield ind1=" " ind2=" " tag="035"><subfield code="a">(NEBIS)008950701EBI01</subfield></datafield><datafield ind1=" " ind2=" " tag="035"><subfield code="a">(EXLNZ-41SLSP_NETWORK)991155523189705501</subfield></datafield><datafield ind1=" " ind2=" " tag="040"><subfield code="a">SzZuIDS BS/BE A100</subfield><subfield code="d">CH-ZuSLS</subfield></datafield><datafield ind1=" " ind2="7" tag="072"><subfield code="a">ha</subfield><subfield code="2">rero</subfield></datafield><datafield ind1=" " ind2="7" tag="072"><subfield code="a">ga</subfield><subfield code="2">SzZuIDS BS/BE</subfield></datafield><datafield ind1="1" ind2="4" tag="082"><subfield code="a">900</subfield><subfield code="2">15</subfield></datafield><datafield ind1="1" ind2=" " tag="100"><subfield code="a">Breebaart, Abraham Benjamin</subfield><subfield code="c">historien</subfield><subfield code="d">1923-....</subfield><subfield code="0">(IDREF)085994960</subfield><subfield code="4">cre</subfield></datafield><datafield ind1="1" ind2="0" tag="245"><subfield code="a">&lt;&lt;De&gt;&gt; algemene vrede en het Griekse politieke leven in de eerste helft van de vierde eeuw</subfield><subfield code="c">A.B. Breebaart</subfield></datafield><datafield ind1=" " ind2="1" tag="264"><subfield code="a">Amsterdam</subfield><subfield code="b">Noord-Holl. Uitg. Maatsch.</subfield><subfield code="c">1962</subfield></datafield><datafield ind1=" " ind2=" " tag="300"><subfield code="a">59 S.</subfield><subfield code="c">8'</subfield></datafield><datafield ind1=" " ind2=" " tag="336"><subfield code="b">txt</subfield><subfield code="2">rdacontent</subfield></datafield><datafield ind1=" " ind2=" " tag="337"><subfield code="b">n</subfield><subfield code="2">rdamedia</subfield></datafield><datafield ind1=" " ind2=" " tag="338"><subfield code="b">nc</subfield><subfield code="2">rdacarrier</subfield></datafield><datafield ind1="1" ind2=" " tag="490"><subfield code="a">Mededeelingen der Koninklijke nederlandse akademie van wetenschappen. Afd. letterkunde. Nieuwe Reeks</subfield><subfield code="v">Deel 25, No. 13</subfield></datafield><datafield ind1="1" ind2=" " tag="700"><subfield code="a">Breebaart, A. B.</subfield></datafield><datafield ind1=" " ind2="0" tag="830"><subfield code="a">Mededeelingen der Koninklijke nederlandsche akademie van wetenschappen, Afdeeling letterkunde</subfield><subfield code="p">Nieuwe reeks</subfield><subfield code="v">25,13</subfield></datafield><datafield ind1=" " ind2=" " tag="830"><subfield code="a">Mededeelingen der Koninklijke Nederlandse Akademie van Wetenschappen</subfield><subfield code="p">Nieuwe reeks</subfield><subfield code="p">Afdeling Letterkunde</subfield><subfield code="v">25/13</subfield><subfield code="w">(IDSBB)000040565DSV01</subfield></datafield><datafield ind1=" " ind2=" " tag="830"><subfield code="a">Mededelingen der Koninklijke Nederlandse Akademie van Wetenschappen, Afd. Letterkunde</subfield><subfield code="p">Nieuwe reeks</subfield><subfield code="v">25/13</subfield><subfield code="w">(NEBIS)001215458EBI01</subfield></datafield><datafield ind1=" " ind2=" " tag="900"><subfield code="a">REROnoselfmerge</subfield></datafield><datafield ind1=" " ind2=" " tag="900"><subfield code="f">IDSU2medea</subfield></datafield></record>
</metadata></record>