<record><header><identifier>oai:alma.41SLSP_UGE:991000778349705502</identifier><datestamp>2023-04-07T00:15:04Z</datestamp><setSpec>uge_bcen_RapidILL_BOOK</setSpec><setSpec>uge_aaca_RapidILL_BOOK</setSpec><setSpec>uge_abels_RapidILL_BOOK</setSpec><setSpec>uge_dbu_RapidILL_BOOK</setSpec><setSpec>uge_cmu_RapidILL_BOOK</setSpec><setSpec>uge_mail_RapidILL_BOOK</setSpec><setSpec>uge_abbat_RapidILL_BOOK</setSpec><setSpec>UNIGE_ALL</setSpec><setSpec>uge_aobs_RapidILL_BOOK</setSpec><setSpec>uge_acar_RapidILL_BOOK</setSpec></header><metadata>
<record xmlns="http://www.loc.gov/MARC21/slim" xmlns:xsi="http://www.w3.org/2001/XMLSchema-instance" xsi:schemaLocation="http://www.loc.gov/MARC21/slim http://www.loc.gov/standards/marcxml/schema/MARC21slim.xsd"><leader>03808nam a2200805 c 4500</leader><controlfield tag="001">991000778349705502</controlfield><controlfield tag="005">20230319205226.0</controlfield><controlfield tag="008">201011s2019    sz ||||| |||| 00| ||fre d</controlfield><datafield ind1=" " ind2=" " tag="020"><subfield code="a">2051028397</subfield><subfield code="q">pbk.</subfield></datafield><datafield ind1=" " ind2=" " tag="020"><subfield code="a">9782051028394</subfield><subfield code="q">pbk.</subfield></datafield><datafield ind1=" " ind2=" " tag="035"><subfield code="a">(swissbib)225805677-41slsp_network</subfield></datafield><datafield ind1=" " ind2=" " tag="035"><subfield code="a">225805677</subfield><subfield code="9">ExL</subfield></datafield><datafield ind1=" " ind2=" " tag="035"><subfield code="a">(RERO)R008932012-41slsp</subfield></datafield><datafield ind1=" " ind2=" " tag="035"><subfield code="a">(IDSBB)007098973DSV01</subfield></datafield><datafield ind1=" " ind2=" " tag="035"><subfield code="a">(NEBIS)011548849EBI01</subfield></datafield><datafield ind1=" " ind2=" " tag="035"><subfield code="a">(OCoLC)1105069431</subfield></datafield><datafield ind1=" " ind2=" " tag="035"><subfield code="a">(EXLNZ-41SLSP_NETWORK)991036085559705501</subfield></datafield><datafield ind1=" " ind2=" " tag="040"><subfield code="a">RERO neubfl</subfield><subfield code="d">CH-ZuSLS</subfield></datafield><datafield ind1="0" ind2=" " tag="041"><subfield code="a">fre</subfield><subfield code="a">ger</subfield></datafield><datafield ind1=" " ind2=" " tag="044"><subfield code="a">sz</subfield><subfield code="c">ch-ge</subfield></datafield><datafield ind1=" " ind2="4" tag="050"><subfield code="a">DQ</subfield></datafield><datafield ind1=" " ind2="7" tag="072"><subfield code="a">ht</subfield><subfield code="2">rero</subfield></datafield><datafield ind1="0" ind2="4" tag="082"><subfield code="a">949</subfield></datafield><datafield ind1="1" ind2="4" tag="082"><subfield code="a">949.4</subfield><subfield code="2">15</subfield></datafield><datafield ind1="1" ind2="4" tag="082"><subfield code="a">940</subfield><subfield code="2">15</subfield></datafield><datafield ind1="1" ind2="4" tag="082"><subfield code="a">949</subfield></datafield><datafield ind1="0" ind2="0" tag="245"><subfield code="a">Politische, gelehrte und imaginierte Schweiz</subfield><subfield code="b">Kohäsion und Disparität im &quot;Corpus helveticum&quot; des 18. Jahrhunderts = Suisse politique, savante et imaginaire : cohésion et disparité du Corps helvétique au XVIIIe siècle</subfield><subfield code="c">hersausgegeben von = édité par André Holenstein, Claire Jaquier, Timothée Léchot et Daniel Schläppi ; unter Mitarbeit von = avec la collaboration de Perrine Bächli et Tobias Berger</subfield></datafield><datafield ind1="1" ind2=" " tag="246"><subfield code="a">Suisse politique, savante et imaginaire</subfield></datafield><datafield ind1=" " ind2="1" tag="264"><subfield code="a">Genève</subfield><subfield code="b">Slatkine</subfield><subfield code="c">2019</subfield></datafield><datafield ind1=" " ind2="2" tag="264"><subfield code="a">Paris</subfield><subfield code="b">diffusion France: Honoré Champion</subfield></datafield><datafield ind1=" " ind2=" " tag="300"><subfield code="a">385 Seiten</subfield><subfield code="b">Abbildungen</subfield><subfield code="c">24 cm</subfield></datafield><datafield ind1=" " ind2=" " tag="336"><subfield code="b">txt</subfield><subfield code="2">rdacontent</subfield></datafield><datafield ind1=" " ind2=" " tag="337"><subfield code="b">n</subfield><subfield code="2">rdamedia</subfield></datafield><datafield ind1=" " ind2=" " tag="338"><subfield code="b">nc</subfield><subfield code="2">rdacarrier</subfield></datafield><datafield ind1="1" ind2=" " tag="490"><subfield code="a">Travaux sur la Suisse des Lumières</subfield><subfield code="v">20</subfield></datafield><datafield ind1=" " ind2=" " tag="500"><subfield code="a">Namensregister = Index des noms de personnes</subfield></datafield><datafield ind1=" " ind2=" " tag="504"><subfield code="a">Includes bibliographical references and index</subfield></datafield><datafield ind1=" " ind2=" " tag="546"><subfield code="a">Beiträge französisch oder deutsch</subfield></datafield><datafield ind1=" " ind2="7" tag="648"><subfield code="a">Geschichte 1700-1800</subfield><subfield code="2">gnd</subfield></datafield><datafield ind1=" " ind2="7" tag="650"><subfield code="a">Vie intellectuelle</subfield><subfield code="0">(IDREF)027255670</subfield><subfield code="2">idref</subfield></datafield><datafield ind1=" " ind2="7" tag="650"><subfield code="a">Intellectuels suisses</subfield><subfield code="0">(RERO)A023406251</subfield><subfield code="2">rero</subfield></datafield><datafield ind1=" " ind2="7" tag="650"><subfield code="a">Savants suisses</subfield><subfield code="0">(IDREF)203771001</subfield><subfield code="2">idref</subfield></datafield><datafield ind1=" " ind2="7" tag="650"><subfield code="a">Caractère national</subfield><subfield code="0">(IDREF)02775944X</subfield><subfield code="2">idref</subfield></datafield><datafield ind1=" " ind2="7" tag="650"><subfield code="a">Identité collective</subfield><subfield code="0">(IDREF)029251133</subfield><subfield code="2">idref</subfield></datafield><datafield ind1=" " ind2="7" tag="650"><subfield code="a">Culture politique</subfield><subfield code="0">(IDREF)032001169</subfield><subfield code="2">idref</subfield></datafield><datafield ind1=" " ind2="7" tag="650"><subfield code="a">18e siècle-19e siècle (début)</subfield><subfield code="0">(RERO)A023085284</subfield><subfield code="2">rero</subfield></datafield><datafield ind1=" " ind2="7" tag="650"><subfield code="a">Gelehrter</subfield><subfield code="0">(DE-588)4156443-1</subfield><subfield code="2">gnd</subfield></datafield><datafield ind1=" " ind2="7" tag="650"><subfield code="a">Internationalität</subfield><subfield code="0">(DE-588)4443917-9</subfield><subfield code="2">gnd</subfield></datafield><datafield ind1=" " ind2="7" tag="650"><subfield code="a">Schweizbild</subfield><subfield code="0">(DE-588)4053882-5</subfield><subfield code="2">gnd</subfield></datafield><datafield ind1=" " ind2="7" tag="651"><subfield code="a">Suisse</subfield><subfield code="0">(IDREF)027249654</subfield><subfield code="2">idref</subfield></datafield><datafield ind1=" " ind2="7" tag="651"><subfield code="a">Schweiz</subfield><subfield code="0">(DE-588)4053881-3</subfield><subfield code="2">gnd</subfield></datafield><datafield ind1=" " ind2="7" tag="655"><subfield code="a">Aufsatzsammlung</subfield><subfield code="2">gnd-content</subfield></datafield><datafield ind1="1" ind2=" " tag="700"><subfield code="a">Bächli, Perrine</subfield><subfield code="e">Mitwirkender</subfield><subfield code="4">ctb</subfield></datafield><datafield ind1="1" ind2=" " tag="700"><subfield code="a">Jacquier, Claire</subfield><subfield code="e">Herausgeber</subfield><subfield code="4">edt</subfield></datafield><datafield ind1="1" ind2=" " tag="700"><subfield code="a">Berger, Thomas</subfield><subfield code="e">Mitwirkender</subfield><subfield code="4">ctb</subfield></datafield><datafield ind1="1" ind2=" " tag="700"><subfield code="a">Bächli, Perrine</subfield><subfield code="0">(IDREF)237831422</subfield><subfield code="4">ctb</subfield></datafield><datafield ind1="1" ind2=" " tag="700"><subfield code="a">Jaquier, Claire</subfield><subfield code="d">1956-</subfield><subfield code="6">880-03</subfield><subfield code="0">(DE-588)133461904</subfield><subfield code="e">Herausgeber</subfield><subfield code="4">edt</subfield></datafield><datafield ind1="1" ind2=" " tag="880"><subfield code="6">700-03</subfield><subfield code="a">Jaquier, Claire</subfield><subfield code="d">1956-....</subfield><subfield code="0">(IDREF)033589585</subfield><subfield code="4">edt</subfield></datafield><datafield ind1="1" ind2=" " tag="700"><subfield code="a">Berger, Tobias</subfield><subfield code="d">1994-</subfield><subfield code="e">Mitwirkender</subfield><subfield code="4">ctb</subfield><subfield code="0">(DE-588)1271147653</subfield></datafield><datafield ind1="1" ind2=" " tag="700"><subfield code="6">880-05</subfield><subfield code="a">Holenstein, André</subfield><subfield code="d">1959-</subfield><subfield code="0">(DE-588)137950861</subfield><subfield code="e">Herausgeber</subfield><subfield code="4">edt</subfield></datafield><datafield ind1="1" ind2=" " tag="880"><subfield code="6">700-05</subfield><subfield code="a">Holenstein, André</subfield><subfield code="d">1959-....</subfield><subfield code="0">(IDREF)031686222</subfield><subfield code="4">edt</subfield></datafield><datafield ind1="1" ind2=" " tag="700"><subfield code="6">880-06</subfield><subfield code="a">Léchot, Timothée</subfield><subfield code="d">1984-</subfield><subfield code="0">(DE-588)1130611752</subfield><subfield code="e">Herausgeber</subfield><subfield code="4">edt</subfield></datafield><datafield ind1="1" ind2=" " tag="880"><subfield code="6">700-06</subfield><subfield code="a">Léchot, Timothée</subfield><subfield code="0">(IDREF)146223993</subfield><subfield code="4">edt</subfield></datafield><datafield ind1="1" ind2=" " tag="700"><subfield code="6">880-07</subfield><subfield code="a">Schläppi, Daniel</subfield><subfield code="d">1968-</subfield><subfield code="0">(DE-588)13525941X</subfield><subfield code="e">Herausgeber</subfield><subfield code="4">edt</subfield></datafield><datafield ind1="1" ind2=" " tag="880"><subfield code="6">700-07</subfield><subfield code="a">Schläppi, Daniel</subfield><subfield code="c">historien</subfield><subfield code="d">1968-....</subfield><subfield code="0">(IDREF)074065963</subfield><subfield code="4">edt</subfield></datafield><datafield ind1="4" ind2=" " tag="856"><subfield code="3">Titelblatt und Inhaltsverzeichnis</subfield><subfield code="u">https://toc.library.ethz.ch/objects/pdf03/z01_978-2-05-102839-4_01.pdf</subfield><subfield code="q">pdf</subfield></datafield><datafield ind1=" " ind2="0" tag="830"><subfield code="a">Travaux sur la Suisse des Lumières</subfield><subfield code="v">20</subfield><subfield code="w">(NEBIS)001998338EBI01</subfield></datafield><datafield ind1=" " ind2="0" tag="830"><subfield code="a">Travaux sur la Suisse des lumières</subfield><subfield code="v">20</subfield><subfield code="w">(IDSBB)001620603DSV01</subfield></datafield><datafield ind1=" " ind2=" " tag="900"><subfield code="a">REROnoselfmerge</subfield></datafield><datafield ind1=" " ind2=" " tag="900"><subfield code="a">IDSZ2zbzmon202004f</subfield><subfield code="c">IDSZ2spie</subfield><subfield code="d">IDSZ2zbzswk202006b</subfield><subfield code="e">IDSZ2erbe</subfield></datafield><datafield ind1=" " ind2=" " tag="949"><subfield code="a">https://toc.library.ethz.ch/objects/pdf03/z01_978-2-05-102839-4_01.pdf</subfield></datafield></record>
</metadata></record>